%% This BibTeX bibliography file was created using BibDesk.
%% http://bibdesk.sourceforge.net/

%% Created for Martin Liza at 2020-07-29 13:41:35 -0700 


%% Saved with string encoding Unicode (UTF-8) 



@inproceedings{alkandry:scitech:2013,
	Address = {Grapevine, TX},
	Author = {Hicham Alkandry and Iain D. Boyd and Alexandre Martin},
	Booktitle = {51st AIAA Aerospace Sciences Meeting including the New Horizons Forum and Aerospace Exposition},
	Date-Added = {2020-07-29 12:32:50 -0700},
	Date-Modified = {2020-07-29 12:32:50 -0700},
	Doi = {10.2514/6.2013-303},
	Month = {January},
	Publisher = {{AIAA Paper} 2013-0303},
	Title = {Comparison of Models for Mixture Transport Properties for Numerical Simulations of Ablative Heat-Shields},
	Year = {2013},
	Bdsk-Url-1 = {https://doi.org/10.2514/6.2013-303}}

@techreport{gupta:nasa:1990,
	Author = {Roop N. Gupta and Jerrold M. Yos and Richard A. Thompson and Kam-Pui Lee},
	Date-Added = {2020-07-29 12:32:25 -0700},
	Date-Modified = {2020-07-29 12:32:25 -0700},
	Institution = {NASA Langley Research Center},
	Number = {NASA-RP-1232},
	Title = {A review of reaction rates and thermodynamic and transport properties for an 11-species air model for chemical and thermal nonequilibrium calculations to 30000 K},
	Year = {1990}}

@article{barker:pf:1964,
	Author = {Barker,J. A. and Fock,W. and Smith,F.},
	Date-Added = {2020-07-29 12:31:50 -0700},
	Date-Modified = {2020-07-29 12:31:50 -0700},
	Doi = {10.1063/1.1711301},
	Eprint = {https://aip.scitation.org/doi/pdf/10.1063/1.1711301},
	Journal = {The Physics of Fluids},
	Number = {6},
	Pages = {897-903},
	Title = {Calculation of Gas Transport Properties and the Interaction of Argon Atoms},
	Url = {https://aip.scitation.org/doi/abs/10.1063/1.1711301},
	Volume = {7},
	Year = {1964},
	Bdsk-Url-1 = {https://aip.scitation.org/doi/abs/10.1063/1.1711301},
	Bdsk-Url-2 = {https://doi.org/10.1063/1.1711301}}

@article{robinson:jap:1964,
	Author = {Robinson,C. A. and McNab,I. R.},
	Date-Added = {2020-07-29 12:31:29 -0700},
	Date-Modified = {2020-07-29 12:31:29 -0700},
	Doi = {10.1063/1.1713730},
	Eprint = {https://doi.org/10.1063/1.1713730},
	Journal = {Journal of Applied Physics},
	Number = {6},
	Pages = {1742-1745},
	Title = {Viscosity of Partially Ionized Gaseous Cesium},
	Url = {https://doi.org/10.1063/1.1713730},
	Volume = {35},
	Year = {1964},
	Bdsk-Url-1 = {https://doi.org/10.1063/1.1713730}}

@inproceedings{mani:aiaa:2005,
	Address = {Toronto, Ontario Canada},
	Author = {Ali Mani and Meng Wang and Parviz Moin},
	Booktitle = {36th AIAA Plasmadynamics and Lasers Conference},
	Date-Added = {2020-07-29 12:25:53 -0700},
	Date-Modified = {2020-07-29 12:25:53 -0700},
	Doi = {10.2514/6.2005-4655},
	Month = {June},
	Publisher = {{AIAA Paper} 2005-4655},
	Title = {Computational Study of Aero-Optical Distortion by Turbulent Wake},
	Year = {2005},
	Bdsk-Url-1 = {https://arc.aiaa.org/doi/10.2514/6.2005-4655}}

@article{fernandez:ieee:1993,
	Author = {F. A. Fernandez and Y. C. Yong and R. D. Ettinger},
	Date-Added = {2020-07-29 12:24:46 -0700},
	Date-Modified = {2020-07-29 12:25:03 -0700},
	Doi = {10.1109/20.250774},
	Journal = {IEEE Transactions on Magnetics},
	Month = {March},
	Number = {2},
	Pages = {1882-1885},
	Title = {A simple adaptive mesh generator for 2-D finite element calculations (optical waveguide theory)},
	Volume = {29},
	Year = {1993},
	Bdsk-Url-1 = {https://doi.org/10.1109/20.250774}}

@article{jang:ipem:2017,
	Author = {Jang, Yoon-Soo and Kim, Seung-Woo},
	Date-Added = {2020-07-27 16:39:36 -0700},
	Date-Modified = {2020-07-27 16:39:36 -0700},
	Doi = {10.1007/s12541-017-0217-y},
	Journal = {International Journal of Precision Engineering and Manufacturing},
	Number = {12},
	Pages = {1881--1890},
	Title = {Compensation of the refractive index of air in laser interferometer for distance measurement: A review},
	Volume = {18},
	Year = {2017},
	Bdsk-Url-1 = {https://doi.org/10.1007/s12541-017-0217-y}}

@article{cite-key,
	Date-Added = {2020-07-27 16:39:20 -0700},
	Date-Modified = {2020-07-27 16:39:20 -0700}}

@article{klaus:rsi:2013,
	Author = {Thurner,Klaus and Braun,Pierre-Fran{\c c}ois and Karrai,Khaled},
	Date-Added = {2020-07-27 16:35:05 -0700},
	Date-Modified = {2020-07-27 18:25:23 -0700},
	Doi = {10.1063/1.4831800},
	Journal = {Review of Scientific Instruments},
	Number = {11},
	Pages = {115002},
	Title = {Absolute distance sensing by two laser optical interferometry},
	Volume = {84},
	Year = {2013},
	Bdsk-Url-1 = {https://doi.org/10.1063/1.4831800}}

@article{vanDenBerg:prl:2012,
	Author = {van den Berg, S. A. and Persijn, S. T. and Kok, G. J. P. and Zeitouny, M. G. and Bhattacharya, N.},
	Date-Added = {2020-07-27 16:20:38 -0700},
	Date-Modified = {2020-07-27 18:23:32 -0700},
	Doi = {10.1103/PhysRevLett.108.183901},
	Journal = {Phys. Rev. Lett},
	Month = {May},
	Number = {18},
	Pages = {183901},
	Title = {Many-Wavelength Interferometry with Thousands of Lasers for Absolute Distance Measurement},
	Volume = {108},
	Year = {2012},
	Bdsk-Url-1 = {https://journals.aps.org/prl/abstract/10.1103/PhysRevLett.108.183901}}

@inproceedings{stambaught:cpem:2014,
	Address = {Rio de Janeiro, Brazil},
	Author = {C. Stambaugh, M. Durand and J. Lawall},
	Booktitle = {29th Conference on Precision Electromagnetic Measurements (CPEM 2014)},
	Date-Added = {2020-07-27 16:14:49 -0700},
	Date-Modified = {2020-07-27 18:28:32 -0700},
	Doi = {10.1109/CPEM.2014.6898284},
	Month = {August},
	Pages = {112-113},
	Publisher = {IEEE},
	Title = {Displacement measurements in air for the calculable capacitor},
	Year = {2014},
	Bdsk-File-1 = {YnBsaXN0MDDSAQIDBFxyZWxhdGl2ZVBhdGhZYWxpYXNEYXRhXxAkLi4vLi4vLi4vLi4vRG93bmxvYWRzLzY4OTgyODQtMS5odG1sTxEBSgAAAAABSgACAAAMTWFjaW50b3NoIEhEAAAAAAAAAAAAAAAAAAAAAAAAAEJEAAH/////DjY4OTgyODQtMS5odG1sAAAAAAAAAAAAAAAAAAAAAAAAAAAAAAAAAAAAAAAAAAAAAAAAAAAAAAAAAAAAAAAAAP////8AAAAAAAAAAAAAAAAABAACAAAKIGN1AAAAAAAAAAAAAAAAAAlEb3dubG9hZHMAAAIAJy86VXNlcnM6TWFydGluOkRvd25sb2Fkczo2ODk4Mjg0LTEuaHRtbAAADgAeAA4ANgA4ADkAOAAyADgANAAtADEALgBoAHQAbQBsAA8AGgAMAE0AYQBjAGkAbgB0AG8AcwBoACAASABEABIAJVVzZXJzL01hcnRpbi9Eb3dubG9hZHMvNjg5ODI4NC0xLmh0bWwAABMAAS8AABUAAgAN//8AAAAIAA0AGgAkAEsAAAAAAAACAQAAAAAAAAAFAAAAAAAAAAAAAAAAAAABmQ==}}

@article{yu:jcp:2012,
	Author = {Yu,Shanshan and Miller,Charles E. and Drouin,Brian J. and M{\"u}ller,Holger S. P.},
	Date-Added = {2020-07-27 10:32:54 -0700},
	Date-Modified = {2020-07-27 10:33:06 -0700},
	Doi = {10.1063/1.4719170},
	Eprint = {https://doi.org/10.1063/1.4719170},
	Journal = {The Journal of Chemical Physics},
	Number = {2},
	Pages = {024304},
	Title = {High resolution spectral analysis of oxygen. I. Isotopically invariant Dunham fit for the X3Σg−, a1Δg, b1Σg+ states},
	Url = {https://doi.org/10.1063/1.4719170},
	Volume = {137},
	Year = {2012},
	Bdsk-Url-1 = {https://doi.org/10.1063/1.4719170}}

@article{ogilvie:jms:1976,
	Author = {J. F. Ogilvie and D. Koo},
	Date-Added = {2020-07-27 10:06:29 -0700},
	Date-Modified = {2020-07-27 10:08:48 -0700},
	Doi = {10.1016/0022-2852(76)90323-4},
	Journal = {Journal of Molecular Spectroscopy},
	Number = {3},
	Pages = {332 - 336},
	Title = {Dunham Potential Energy Coefficients of the Hydrogen Halides and Carbon Monoxide},
	Volume = {61},
	Year = {1976},
	Bdsk-Url-1 = {https://doi.org/10.1016/0022-2852(76)90323-4}}

@article{vanhooydonk:jms:1983,
	Abstract = {Ionic Kratzer-type potentials (such as the Varshni V-potential) are shown to be consistent with all observed lower- and higher-order spectroscopic constants αe, ωeχe, βe and γe for over thirty diatomics of widely differing ionic characters. All higher Dunham coefficients can be derived from the first, which is itself related to the force constant. The ionic potentials are compared with other potentials discussed in the literature (Dunham, Morse, Simons---Parr−Finlan, Jordan). The deviations of Morse curves near re from RKR-curves are completely predictable using an ionic potential as reference. The Calder-Ruedenberg constant, applicable to 160 diatomics, is consistently accounted for. Calculated vibrational levels for Li2 on both sides of the minimum correspond with experimental levels within 0.6%, whereas computed ΔG(υ)-values are accurate to within 1%. For the excited state, A 1Σu+ of Li2 the same potential is also satisfactory. An ionic potential corrected for an atomic dissociation limit at r = ∞ produces a finite solution at r ≈ 0. In the case of Li2 the energy at r ≈ 10−4 {\AA} is of the same order of magnitude as the experimental fusion energy of two Li-nuclei into a single C-nucleus.},
	Author = {G. {Van Hooydonk}},
	Date-Added = {2020-07-27 10:04:26 -0700},
	Date-Modified = {2020-07-27 10:05:21 -0700},
	Doi = {10.1016/0166-1280(83)80034-7},
	Journal = {Journal of Molecular Structure: THEOCHEM},
	Number = {1},
	Pages = {69 - 90},
	Title = {Higher order spectroscopic constants and ionic potentials in molecular spectroscopy},
	Volume = {105},
	Year = {1983},
	Bdsk-Url-1 = {http://www.sciencedirect.com/science/article/pii/0166128083800347},
	Bdsk-Url-2 = {https://doi.org/10.1016/0166-1280(83)80034-7}}

@article{dmitrieva:cpl:1983,
	Author = {Dmitrieva, I. K. and Zenevich, V. A.},
	Date-Added = {2020-07-27 09:47:36 -0700},
	Date-Modified = {2020-07-27 10:04:26 -0700},
	Doi = {10.1016/0009-2614(83)80496-5},
	Journal = {Chemical Physics Letters},
	Number = {2},
	Pages = {228--231},
	Title = {A Simple Analytical Approximation for the Potential Energy of Diatomics},
	Volume = {96},
	Year = {1983},
	Bdsk-Url-1 = {https://doi.org/10.1016/0009-2614(83)80496-5}}

@article{calder:jcp:1968,
	Author = {Calder,G. V. and Ruedenberg,Klaus},
	Date-Added = {2020-07-27 09:42:51 -0700},
	Date-Modified = {2020-07-27 09:43:12 -0700},
	Doi = {10.1063/1.1670065},
	Journal = {The Journal of Chemical Physics},
	Number = {12},
	Pages = {5399-5415},
	Title = {Quantitative Correlations between Rotational and Vibrational Spectroscopic Constants in Diatomic Molecules},
	Volume = {49},
	Year = {1968},
	Bdsk-Url-1 = {https://doi.org/10.1063/1.1670065}}

@inproceedings{sharma:scitech:1991,
	Author = {Sharma, S. P. and Gillespie, W. D. and Meyer, S. A.},
	Booktitle = {Aerospace Sciences Meeting \& Exhibit},
	Date-Added = {2020-07-22 13:44:10 -0700},
	Date-Modified = {2020-07-22 13:48:22 -0700},
	Month = {January},
	Publisher = {{AIAA Paper} 91-0573},
	Title = {Shock Front Radiation Measurements in Air},
	Year = {1991}}

@inproceedings{garbacz:scitech:2020,
	Author = {Catrina Garbacz and Marco Fossati and Walter T. Maier and Juan J. Alanso and James B. Scoggins and Thomas D. Economon and Thierry E. Magin},
	Date-Added = {2020-07-16 17:01:32 +0000},
	Date-Modified = {2020-07-16 17:04:04 +0000},
	Doi = {10.2514/6.2020-1805},
	Publisher = {{AIAA Paper} 2020-1805},
	Title = {Numerical Study of Shock Interference Patterns for Gas Flows with Thermal Nonequilibrium and Finite-Rate Chemistry},
	Year = {2020},
	Bdsk-Url-1 = {https://doi.org/10.2514/6.2020-1805}}

@book{townes:2012,
	Author = {C. H. Townes and A. L. Schawlow},
	Date-Added = {2020-07-21 17:43:35 -0700},
	Date-Modified = {2020-07-21 17:44:34 -0700},
	Publisher = {Dover Publications, Inc.},
	Title = {Microwave Spectroscopy},
	Year = {2012}}

@webpage{nist:69,
	Date-Added = {2020-07-21 17:17:39 -0700},
	Date-Modified = {2020-07-21 17:21:47 -0700},
	Editor = {P. J. Linstrom and W. G. Mallard},
	Publisher = {National Institute of Standards and Technology,},
	Title = {NIST Chemistry WebBook, NIST Standard Reference Database Number 69},
	Url = {https://doi.org/10.18434/T4D303},
	Year = {2020},
	Bdsk-Url-1 = {https://doi.org/10.18434/T4D303}}

@article{ibraguimova:jcp:2013,
	Author = {Ibraguimova,L. B. and Sergievskaya,A. L. and Levashov,V. Yu. and Shatalov,O. P. and Tunik,Yu. V. and Zabelinskii,I. E.},
	Date-Added = {2020-07-21 13:45:41 -0700},
	Date-Modified = {2020-07-21 13:46:21 -0700},
	Doi = {10.1063/1.4813070},
	Journal = {The Journal of Chemical Physics},
	Number = {3},
	Title = {Investigation of oxygen dissociation and vibrational relaxation at temperatures 4000--10 800 K},
	Volume = {139},
	Year = {2013},
	Bdsk-Url-1 = {https://doi.org/10.1063/1.4813070}}

@article{bouanich:jqsrt:1986,
	Abstract = {Theoretical expressions for the vibro-rotational matrix elements of powers of the reduced displacement from equilibrium, corresponding to the infrared and Raman transitions vJ→v′J′ with v′⩽v+4, are obtained in terms of quartic polynomials in m (or J), including contributions from theDunham potential-energy coefficients a1, a2, a3. It is shown that it is preferable to consider the coefficients of the vibration-rotation interaction function [Fv′v(m)]12 rather than the Herman-Wallis factors. Two formalisms derived from power series expansion of the vibration-rotational internuclear potential function have been applied to the infrared transitions v→v′ (with v = 0, 10, 20) of the ground electronic state of CO.},
	Author = {J.-P. Bouanich and L. Blumenfeld},
	Date-Added = {2020-07-20 16:32:02 -0700},
	Date-Modified = {2020-07-20 16:32:47 -0700},
	Doi = {https://doi.org/10.1016/0022-4073(86)90114-7},
	Journal = {Journal of Quantitative Spectroscopy and Radiative Transfer},
	Number = {2},
	Pages = {87 - 111},
	Title = {On the vibration-rotational matrix elements for diatomic molecules},
	Volume = {36},
	Year = {1986},
	Bdsk-Url-1 = {http://www.sciencedirect.com/science/article/pii/0022407386901147},
	Bdsk-Url-2 = {https://doi.org/10.1016/0022-4073(86)90114-7}}

@article{bouanich:jqsrt:1978,
	Abstract = {The vibrational matrix elements, including sixth-order contributions, are given for the transitions 0 → υ′ (υ′ ⩽ 7), using an eighth-power internuclear Dunham potential and an eight-term power series expansion of the dipole moment.},
	Author = {J.B. Bouanich},
	Date-Added = {2020-07-20 16:30:48 -0700},
	Date-Modified = {2020-07-20 16:31:15 -0700},
	Doi = {https://doi.org/10.1016/0022-4073(78)90110-3},
	Journal = {Journal of Quantitative Spectroscopy and Radiative Transfer},
	Number = {4},
	Pages = {419 - 423},
	Title = {Matrix elements for the vibrational transitions 0 → 0 to 0 → 7 of diatomic molecules},
	Volume = {20},
	Year = {1978},
	Bdsk-Url-1 = {http://www.sciencedirect.com/science/article/pii/0022407378901103},
	Bdsk-Url-2 = {https://doi.org/10.1016/0022-4073(78)90110-3}}

@article{buldakov:ms:2000,
	Author = {M. A. Buldakov and I. I. Matrosov and V. N. Cherepanov},
	Date-Added = {2020-07-20 15:36:54 -0700},
	Date-Modified = {2020-07-20 15:39:04 -0700},
	Journal = {Molecular Spectroscopy},
	Number = {1},
	Pages = {44--48},
	Title = {Temperature Dependence of Polarizability of Diatomic Homonuclear Molecules},
	Volume = {89},
	Year = {2000}}

@techreport{brandis:nasa:2019,
	Author = {Aaron M. Brandis and Brett A. Cruden},
	Date-Added = {2020-07-20 14:38:40 -0700},
	Date-Modified = {2020-07-20 14:40:08 -0700},
	Institution = {NASA Ames Research Center},
	Number = {ARC-E-DAA-TN72963},
	Title = {NEQAIR v15.0 Release Notes: Nonequilibrium and Equilibrium Radiative Transport and Spectra Program},
	Year = {2019}}

@inproceedings{gottlieb:siam:1977,
	Author = {Gil, A. and Segura, J. and Temme, N.},
	Booktitle = {Society for Industrial and Applied Mathematics},
	Date-Added = {2020-07-13 18:52:26 +0000},
	Date-Modified = {2020-07-13 18:54:15 +0000},
	Title = {Numerical Methods for Special Functions},
	Year = {1977}}

@article{druguet:aj:2005,
	Author = {Marie-Claude Druguet and Graham V. Candler and Ioannis Nompelis},
	Date-Added = {2020-07-20 11:17:50 -0700},
	Date-Modified = {2020-07-20 11:19:19 -0700},
	Journal = {AIAA Journal},
	Number = {5},
	Title = {Effect of Numerics on Navier--Stokes Computations of Hypersonic Double-Cone Flows},
	Volume = {43},
	Year = {2005}}

@article{wang:ao:2007,
	Author = {Tao Wang and Yan Zhao and Dong Xu and Qiuying Yang},
	Date-Added = {2020-07-02 21:24:46 -0700},
	Date-Modified = {2020-07-27 18:17:19 -0700},
	Doi = {10.1364/AO.46.005545},
	Journal = {Applied Optics},
	Month = {August},
	Number = {23wang-a},
	Pages = {5545-5551},
	Title = {Numerical study of evaluating the optical quality of supersonic flow fields},
	Volume = {46},
	Year = {2007},
	Bdsk-Url-1 = {https://www.osapublishing.org/ao/abstract.cfm?URI=ao-46-23-5545}}

@inproceedings{coirier:aerospace:2010,
	Address = {Orlando, FL},
	Author = {William Coirier and Robert Tramel},
	Booktitle = {48th AIAA Aerospace Sciences Meeting Including the New Horizons Forum and Aerospace Exposition},
	Date-Added = {2020-07-02 21:08:07 -0700},
	Date-Modified = {2020-07-27 17:30:06 -0700},
	Doi = {10.2514/6.2010-557},
	Month = {January},
	Publisher = {{AIAA Paper} 2010-557},
	Rating = {0},
	Read = {0},
	Title = {Development of An Integrated Aero-Optics Modeling Capability: OVERFLOW-AeroOptics},
	Year = {2010},
	Bdsk-Url-1 = {https://arc.aiaa.org/doi/10.2514/6.2010-557}}

@article{mani:jocp:2008,
	Author = {Ali Mani, Meng Wang, Parviz Moin},
	Date-Added = {2020-06-28 15:03:51 -0700},
	Date-Modified = {2020-07-27 18:13:55 -0700},
	Doi = {10.1016/j.jcp.2008.02.014},
	Journal = {Journal of Computational Physics},
	Month = {February},
	Number = {21},
	Pages = {9008-9020},
	Title = {Resolution requirements for aero-optical simulations},
	Volume = {227},
	Year = {2008},
	Bdsk-Url-1 = {https://doi.org/10.1016/j.jcp.2008.02.014}}

@article{mitroy:jop:2010,
	Author = {J Mitroy, M S Safronova and Charles W Clark},
	Date-Added = {2020-06-24 10:02:46 -0700},
	Date-Modified = {2020-07-27 18:16:02 -0700},
	Doi = {10.1016/j.jcp.2008.02.014},
	Journal = {Journal of Physics B: Atomic, Molecular and Optical Physics},
	Month = {October},
	Number = {20},
	Pages = {202001},
	Title = {Theory and applications of atomic and ionic polarizabilities},
	Volume = {43},
	Year = {2010},
	Bdsk-Url-1 = {https://iopscience.iop.org/article/10.1088/0953-4075/43/20/202001}}

@article{jumper:arofm:2017,
	Author = {Jumper, Eric J. and Gordeyev, Stanislav},
	Date-Added = {2020-06-17 10:40:13 -0700},
	Date-Modified = {2020-07-27 18:09:45 -0700},
	Doi = {10.1146/annurev-fluid-010816-060315},
	Journal = {Annual Review of Fluid Mechanics},
	Number = {1},
	Pages = {419-441},
	Title = {Physics and Measurement of Aero-Optical Efects: Past and Present},
	Volume = {49},
	Year = {2017},
	Bdsk-Url-1 = {https://www.annualreviews.org/doi/10.1146/annurev-fluid-010816-060315}}

@article{feher:cpl:1993,
	Abstract = {The potential energy curves, dipole, quadrupole, octopole and hexadecapole moment functions of the ground X 1Σ+ state of NO+ have been calculated at Hartree-Fock, CASSCF, MR-CI and MP2 levels using a [8s6p3d] basis set. In addition, dipole polarisabilities have also been calculated at the HF and MP2 level. Results for the quadrupole moment and dipole polarisabilities compare favourably with recent experimental results from the spectroscopy of NO Rydberg states.},
	Author = {M. Feh{\'e}r and P.A. Martin},
	Date-Added = {2020-06-09 10:37:57 -0700},
	Date-Modified = {2020-06-09 10:54:20 -0700},
	Doi = {10.1016/0009-2614(93)89356-M},
	Journal = {Chemical Physics Letters},
	Number = {6},
	Pages = {565--570},
	Title = {Ab initio calculations of the properties of NO+ in its ground electronic state X 1$\Sigma$+},
	Volume = {215},
	Year = {1993},
	Bdsk-Url-1 = {http://www.sciencedirect.com/science/article/pii/000926149389356M},
	Bdsk-Url-2 = {https://doi.org/10.1016/0009-2614(93)89356-M}}

@article{stewart:mp:1975,
	Author = {Stewart, R. F.},
	Date-Added = {2020-06-09 10:34:07 -0700},
	Date-Modified = {2020-06-09 10:35:56 -0700},
	Doi = {10.1080/00268977500102811},
	Journal = {Molecular Physics},
	Number = {4},
	Pages = {1283--1288},
	Title = {A numerical study of coupled Hartree-Fock theory for open-shell systems},
	Volume = {30},
	Year = {1975},
	Bdsk-Url-1 = {https://doi.org/10.1080/00268977500102811}}

@article{jacobson:pra:1996,
	Author = {Jacobson, P. L. and Labelle, R. D. and Sturrus, W. G. and Ward, R. F. and Lundeen, S. R.},
	Date-Added = {2020-06-09 10:32:07 -0700},
	Date-Modified = {2020-06-09 10:32:26 -0700},
	Doi = {10.1103/PhysRevA.54.314},
	Issue = {1},
	Journal = {Phys. Rev. A},
	Month = {Jul},
	Numpages = {0},
	Pages = {314--322},
	Publisher = {American Physical Society},
	Title = {Optical spectroscopy of high-L n=10 Rydberg states of nitrogen},
	Url = {https://link.aps.org/doi/10.1103/PhysRevA.54.314},
	Volume = {54},
	Year = {1996},
	Bdsk-Url-1 = {https://link.aps.org/doi/10.1103/PhysRevA.54.314},
	Bdsk-Url-2 = {https://doi.org/10.1103/PhysRevA.54.314}}

@article{mccormack:pra:1991,
	Author = {McCormack, E. F. and Pratt, S. T. and Dehmer, J. L. and Dehmer, P. M.},
	Date-Added = {2020-06-09 10:29:31 -0700},
	Date-Modified = {2020-06-09 10:30:07 -0700},
	Doi = {10.1103/PhysRevA.44.3007},
	Issue = {5},
	Journal = {Phys. Rev. A},
	Pages = {3007--3015},
	Publisher = {American Physical Society},
	Title = {Analysis of the 8f, 9f, and 10f, v=1 Rydberg states of ${\mathrm{N}}_{2}$},
	Volume = {44},
	Year = {1991},
	Bdsk-Url-1 = {https://link.aps.org/doi/10.1103/PhysRevA.44.3007},
	Bdsk-Url-2 = {https://doi.org/10.1103/PhysRevA.44.3007}}

@book{lide:1997,
	Address = {Boca Raton},
	Author = {Lide, D. R.},
	Date-Added = {2020-06-09 10:19:54 -0700},
	Date-Modified = {2020-06-09 10:21:23 -0700},
	Edition = {78th},
	Publisher = {CRC Press},
	Title = {Handbook of Chemistry and Physics},
	Year = {1997}}

@inproceedings{selle:scitech:2000,
	Address = {Reno, NV},
	Author = {Stefan Selle and Uwe Riedel},
	Booktitle = {38th Aerospace Sciences Meeting \& Exhibit},
	Date-Added = {2020-06-08 18:02:52 -0700},
	Date-Modified = {2020-06-08 18:07:06 -0700},
	Doi = {10.2514/6.2000-211},
	Month = {January},
	Publisher = {{AIAA Paper} 2000-0211},
	Title = {Transport Coefficients of Reacting Air at High Temperatures},
	Year = {2000},
	Bdsk-Url-1 = {https://doi.org/10.2514/6.2000-211}}

@inproceedings{hanquist:aviation:2020,
	Author = {Kyle M. Hanquist and Ross S. Chaudhry and Iain D. Boyd and Jesse W. Streicher and Ajay Krish and Ronald K. Hanson},
	Booktitle = {AIAA Aviation and Aeronautics Forum and Exposition},
	Date-Added = {2020-06-08 16:19:58 -0700},
	Date-Modified = {2020-06-08 18:04:14 -0700},
	Doi = {10.2514/6.2020-3275},
	Month = {June},
	Publisher = {{AIAA Paper} 2020-3275},
	Title = {Detailed Thermochemical Modeling of {O\textsubscript{2}-Ar} in Reflected Shock Tube Flows},
	Year = {2020},
	Bdsk-Url-1 = {https://doi.org/10.2514/6.2020-3275}}

@phdthesis{scalabrin:thesis:2007,
	Address = {Ann Arbor},
	Author = {Leonardo C. Scalabrin},
	Date-Added = {2020-06-08 16:16:10 -0700},
	Date-Modified = {2020-06-08 16:19:34 -0700},
	School = {University of Michigan},
	Title = {Numerical Simulation of Weakly Ionized Hypersonic Flow over Reentry Capsules},
	Year = {2007}}

@book{boyd:2017,
	Author = {Iain D. Boyd and Thomas E. Schwartzentruber},
	Date-Added = {2020-06-08 16:08:37 -0700},
	Date-Modified = {2020-06-08 16:09:16 -0700},
	Publisher = {Cambridge University Press},
	Title = {Nonequilibrium Gas Dynamics and Molecular Simulation},
	Year = {2017}}

@techreport{wolfe:onr:1978,
	Author = {Wolfe, W. L. and Zizzis, G. J.},
	Date-Added = {2020-06-08 16:07:49 -0700},
	Date-Modified = {2020-06-08 16:08:26 -0700},
	Institution = {Office of Naval Reseach, Department of the Navy},
	Title = {The Infrared Handbook},
	Year = {1978}}

@article{breen:jcp:1973,
	Author = {Breen, J. E. and Quy, R. B. and Glass, G. P.},
	Date-Added = {2020-06-01 16:04:55 -0700},
	Date-Modified = {2020-06-01 16:06:34 -0700},
	Journal = {The Journal of Chemical Physics},
	Number = {1},
	Pages = {556-557},
	Title = {Vibrational relaxation of O\textsubscript{2} in the presence of atomic oxygen},
	Volume = {59},
	Year = {1973}}

@article{losev:spd:1962,
	Author = {Losev, S. A. and Generalov, N. A.},
	Date-Added = {2020-06-01 15:55:03 -0700},
	Date-Modified = {2020-06-01 15:56:34 -0700},
	Journal = {Soviet Physics Doklady},
	Title = {A study of the excitation of vibrations and dissociation of oxygen molecules at high temperatures},
	Volume = {6},
	Year = {1962}}

@article{white:jcp:1963,
	Author = {White, D. R. and Millikan, R. C.},
	Date-Added = {2020-05-28 15:20:47 -0700},
	Date-Modified = {2020-05-28 15:22:22 -0700},
	Journal = {The Journal of Chemical Physics},
	Pages = {1803--1806},
	Title = {Vibrational Relaxation of Oxygen},
	Volume = {39},
	Year = {1963}}

@article{farbar:jtht:2013,
	Author = {Erin Farbar and Iain D. Boyd and Alexandre Martin},
	Date-Added = {2020-05-25 10:48:47 -0700},
	Date-Modified = {2020-05-25 10:50:45 -0700},
	Journal = {Journal of Thermophysics and Heat Transfer},
	Number = {4},
	Pages = {593--606},
	Title = {Numerical Prediction of Hypersonic Flowfields Including Effects of Electron Translational Nonequilibrium},
	Volume = {27},
	Year = {2013}}

@article{martin:jop:2012,
	Author = {Alexandre Martin and Leonardo C. Scalabrin and Iain D. Boyd},
	Date-Added = {2020-05-25 10:46:14 -0700},
	Date-Modified = {2020-05-25 10:48:05 -0700},
	Journal = {Journal of Physics: Conference Series},
	Pages = {1--12},
	Title = {High performance modeling of atmospheric re-entry vehicles},
	Volume = {341},
	Year = {2012}}

@article{park:jtht:1993,
	Author = {Chul Park},
	Date-Added = {2020-05-20 16:07:42 -0700},
	Date-Modified = {2020-07-22 13:36:02 -0700},
	Doi = {10.2514/3.431},
	Journal = {Journal of Thermophysics and Heat Transfer},
	Number = {2},
	Pages = {385--398},
	Title = {Review of Chemical-Kinetic Problems of Future NASA Missions, I: Earth Entries},
	Volume = {7},
	Year = {1993},
	Bdsk-Url-1 = {https://doi.org/10.2514/3.431}}

@phdthesis{chaudhry:thesis:2018,
	Author = {Ross S. Chaudhry},
	Date-Added = {2020-05-20 11:57:44 -0700},
	Date-Modified = {2020-05-20 11:58:50 -0700},
	School = {University of Minnesota},
	Title = {Modeling and Analysis of Chemical Kinetics for Hypersonic Flows in Air},
	Year = {2018}}

@inproceedings{ibraguimova:aip:2012,
	Author = {Ibraguimova, L. B. and Shatalov, O. P. and Tunik, Y. V.},
	Booktitle = {AIP Conference Proceedings},
	Date-Added = {2020-05-19 11:57:12 -0700},
	Date-Modified = {2020-05-19 11:59:12 -0700},
	Number = {1},
	Pages = {1094--1101},
	Title = {Equilibrium and non-equilibrium rate constants of oxygen dissociation at high temperatures},
	Volume = {1501},
	Year = {2012}}

@article{shatalov:cesw:1973,
	Author = {Shatalov, O. P.},
	Date-Added = {2020-05-19 11:51:54 -0700},
	Date-Modified = {2020-05-19 11:53:01 -0700},
	Journal = {Combustion, Explosion and Shock Waves},
	Pages = {610--613},
	Title = {Molecular dissociation of oxygen in the absence of vibrational equilibrium},
	Year = {1973}}

@article{park:jtht:1988,
	Author = {Chul Park},
	Date-Added = {2020-05-19 11:45:31 -0700},
	Date-Modified = {2020-05-19 11:46:07 -0700},
	Journal = {Journal of Thermophysics and Heat Transfer},
	Number = {1},
	Title = {Assessment of a two-temperature kinetic model for dissociating and weakly ionizing nitrogen},
	Volume = {2},
	Year = {1988}}

@article{camac:jcp:1961,
	Author = {Camac, M. and Vaughan, A.},
	Date-Added = {2020-05-19 11:41:08 -0700},
	Date-Modified = {2020-05-19 11:43:07 -0700},
	Journal = {The Journal of Chemical Physics},
	Number = {2},
	Title = {O\textsubscript{2} Dissociation Rates in O\textsubscript{2}-Ar Mixtures},
	Volume = {34},
	Year = {1961}}

@article{wray:jcp:1962,
	Author = {Wray, K. L.},
	Date-Added = {2020-05-19 11:39:43 -0700},
	Date-Modified = {2020-05-19 11:40:46 -0700},
	Journal = {The Journal of Chemical Physics},
	Number = {6},
	Title = {Shock‐Tube Study of the Coupling of the O\textsubscript{2}-Ar Rates of Dissociation and Vibrational Relaxation},
	Volume = {37},
	Year = {1962}}

@article{breshears:jcp:1971,
	Author = {Breshears, W. D. and Bird, P. F. and Kiefer, J. H.},
	Date-Added = {2020-05-19 11:36:51 -0700},
	Date-Modified = {2020-05-19 11:38:29 -0700},
	Journal = {The Journal of Chemical Physics},
	Number = {8},
	Title = {Density Gradient Measurements of O\textsubscript{2} Dissociation in Shock Waves},
	Volume = {55},
	Year = {1971}}

@techreport{schexnayder:nasa:1961,
	Author = {Schexnayder, C. J. and Evans, J. S.},
	Date-Added = {2020-05-19 11:32:19 -0700},
	Date-Modified = {2020-05-19 11:35:18 -0700},
	Institution = {NASA},
	Number = {NASA TR R-108},
	Title = {Measurements of the Dissociation Rate of Molecular Oxygen},
	Year = {1961}}

@article{owen:jtht:2016,
	Author = {Owen, K. G. and Davidson, D. F. and Hanson, R. K.},
	Date-Added = {2020-05-19 11:30:11 -0700},
	Date-Modified = {2020-05-19 11:31:36 -0700},
	Journal = {Journal of Thermophysics and Heat Transfer},
	Number = {2},
	Title = {Measurements of Oxygen Dissociation Using Laser Absorption},
	Volume = {30},
	Year = {2016}}

@book{anderson:2003,
	Author = {John D. Anderson},
	Date-Added = {2020-05-18 15:59:04 -0700},
	Date-Modified = {2020-05-18 16:06:59 -0700},
	Edition = {3rd},
	Publisher = {McGraw-Hill},
	Title = {Modern Compressible Flow: With Historical Perspective},
	Year = {2003}}

@article{krish:jqsrt:2020,
	Author = {Ajay Krish and Jesse W. Streicher and Ronald K. Hanson},
	Date-Added = {2020-05-18 14:51:45 -0700},
	Date-Modified = {2020-05-18 14:52:34 -0700},
	Journal = {Journal of Quantitative Spectroscopy \& Radiative Transfer},
	Title = {Ultraviolet Absorption Cross-Section Measurements of Shock-Heated O\textsubscript{2} from 2,000-8,400 K using a Tunable Laser},
	Volume = {247},
	Year = {2020}}

@article{andrienko:jcp:2016,
	Author = {Andrienko, D. A. and Boyd, I. D.},
	Date-Added = {2020-05-08 14:31:01 -0700},
	Date-Modified = {2020-05-08 14:33:25 -0700},
	Journal = {The Journal of Chemical Physics},
	Number = {10},
	Pages = {1--19},
	Title = {Rovibrational energy transfer and dissociation in {O}\textsubscript{2}-{O} collisions},
	Volume = {144},
	Year = {2016}}

@article{andrienko:cp:2017,
	Author = {Andrienko, D. A. and Boyd, I. D.},
	Date-Added = {2020-05-08 14:28:21 -0700},
	Date-Modified = {2020-05-08 14:30:53 -0700},
	Journal = {Chemical Physics},
	Pages = {74--81},
	Title = {State-specific dissociation in O\textsubscript{2}-O\textsubscript{2} collisions by quasiclassical trajectory method},
	Volume = {491},
	Year = {2017}}

@techreport{bortner:usdc:1969,
	Author = {M. H. Bortner},
	Date-Added = {2020-05-08 14:17:41 -0700},
	Date-Modified = {2020-05-08 14:20:54 -0700},
	Institution = {National Bureau of Standards, United States Department of Commerce},
	Month = {May},
	Number = {Technical Note 484},
	Title = {A Review of Rate Constants of Selected Reactions of Interest in Re-Entry Flow Fields in the Atmosphere},
	Year = {1969}}

@article{park:jtht:2006,
	Author = {Chul Park},
	Date-Added = {2020-05-08 12:05:09 -0700},
	Date-Modified = {2020-05-08 12:05:59 -0700},
	Journal = {Journal of Thermophysics and Heat Transfer},
	Number = {4},
	Pages = {689--698},
	Title = {Thermochemical Relaxation in Shock Tunnels},
	Volume = {20},
	Year = {2006}}

@inproceedings{neitzel:aviation:2014,
	Address = {Atlanta, GA},
	Author = {Kevin J. Neitzel and Jae Gang Kim and Iain D. Boyd},
	Booktitle = {AIAA Aviation and Aeronautics Forum and Exposition},
	Date-Added = {2020-05-08 11:51:31 -0700},
	Date-Modified = {2020-05-08 11:53:22 -0700},
	Month = {June},
	Publisher = {{AIAA Paper} 2014-2961},
	Title = {Nonequilibrium Modeling of Oxygen in Reflected Shock Tube Flows},
	Year = {2015}}

@article{millikan:jcp:1963,
	Author = {Millikan, R. C. and White, D. R.},
	Date-Added = {2020-05-08 11:32:13 -0700},
	Date-Modified = {2020-05-08 11:33:54 -0700},
	Journal = {Journal of Chemical Physics},
	Number = {1},
	Pages = {98--101},
	Title = {Systematics of Vibrational Relaxation},
	Volume = {39},
	Year = {1963}}

@article{kiefer:sic:1967,
	Author = {Kiefer, J. H. and Lutz, R. W.},
	Date-Added = {2020-05-08 11:16:52 -0700},
	Date-Modified = {2020-05-08 11:20:36 -0700},
	Journal = {Symposium (International) on Combustion},
	Number = {1},
	Pages = {67--76},
	Title = {The effect of oxygen atoms on the vibrational relaxation of oxygen},
	Volume = {11},
	Year = {1967}}

@techreport{gordon:nasa:1996,
	Author = {Gordon, S. and McBride, B. J.},
	Date-Added = {2020-04-30 17:51:26 -0700},
	Date-Modified = {2020-06-01 10:25:13 -0700},
	Institution = {NASA},
	Number = {NASA-RP-1311},
	Title = {Computer Program for Calculation of Complex Chemical Equilibrium Compositions and Applications},
	Year = {1994}}

@techreport{wright:nasa:2007,
	Author = {Wright, M. J. and Grinstead, J. H. and Bose, D.},
	Date-Added = {2020-04-30 14:14:02 -0700},
	Date-Modified = {2020-04-30 14:16:25 -0700},
	Institution = {NASA Ames Research Center},
	Number = {ADA476515},
	Title = {A Risk-Based Approach for Aerothermal/TPS Analysis and Testing},
	Year = {2007}}

@inbook{varandas:1991,
	Address = {Dordrecht},
	Author = {Varandas, A. J. C. and Pais, A. A. C. C.},
	Date-Added = {2020-04-30 13:22:30 -0700},
	Date-Modified = {2020-04-30 17:35:37 -0700},
	Doi = {10.1007/978-94-011-3584-9_4},
	Isbn = {978-94-011-3584-9},
	Pages = {55--78},
	Publisher = {Springer Netherlands},
	Title = {Double Many-Body Expansion Potential Energy Surface for O4(3A), Dynamics of the O(3P) + O3(1A1) Reaction, and Second Virial Coefficients of Molecular Oxygen},
	Year = {1991},
	Bdsk-Url-1 = {https://doi.org/10.1007/978-94-011-3584-9_4}}

@article{varandas:mp:1988,
	Author = {Varandas, A. J. C. and Pais, A. A. C. C.},
	Date-Added = {2020-04-28 12:45:06 -0700},
	Date-Modified = {2020-04-28 12:51:50 -0700},
	Journal = {Molecular Physics},
	Number = {4},
	Pages = {843-860},
	Title = {A realistic double many-body expansion ({DMBE}) potential energy surface for ground-state {O}\textsubscript{3} from a multiproperty fit to ab initio calculations, and to experimental spectroscopic, inelastic scattering, and kinetic isotope thermal rate data},
	Volume = {65},
	Year = {1988}}

@article{dunham:pr:1932,
	Author = {J. L. Dunham},
	Date-Added = {2020-04-28 12:17:28 -0700},
	Date-Modified = {2020-04-28 12:27:56 -0700},
	Journal = {Physical Review},
	Number = {6},
	Pages = {721-731},
	Title = {The Energy Levels of a Rotating Vibrator},
	Volume = {41},
	Year = {1932}}

@article{streicher:pof:2020,
	Author = {Jesse W. Streicher and Ajay Krish and Ronald K. Hanson and Kyle M. Hanquist and Ross S. Chaudhry and Iain D. Boyd},
	Date-Added = {2020-04-21 10:36:58 -0700},
	Date-Modified = {2020-04-30 15:04:44 -0700},
	Journal = {Physics of Fluids},
	Title = {Shock-tube measurements of coupled vibration-dissociation time-histories and rate parameters in oxygen and argon mixtures from 5,000-10,000 K},
	Year = {2020 (submitted)}}

@techreport{dakota:2014,
	Author = {Adams, B.M. and Bauman, L.E. and Bohnhoff, W.J. and Dalbey, K.R. and Ebeida, M.S. and Eddy, J.P. and Eldred, M.S. and Hough, P.D. and Hu, K.T. and Jakeman, J.D. and Stephens, J.A. and Swiler, L.P. and Vigil, D.M. and Wildey, T.M.},
	Date-Added = {2020-04-21 10:27:06 -0700},
	Date-Modified = {2020-05-12 13:25:39 -0700},
	Institution = {Sandia National Laboratories},
	Number = {Sandia Technical Report SAND2014-4633},
	Title = {Dakota, A Multilevel Parallel Object-Oriented Framework for Design Optimization, Parameter Estimation, Uncertainty Quantification, and Sensitivity Analysis: Version 6.0 User's Manual},
	Year = {2014}}

@article{hara:psst:2018,
	Author = {Kentaro Hara and Kyle M. Hanquist},
	Date-Added = {2020-04-19 20:10:26 -0700},
	Date-Modified = {2020-04-19 20:11:13 -0700},
	Doi = {10.1088/1361-6595/aac6b9},
	Journal = {Plasma Sources Science and Technology},
	Number = {6},
	Title = {Test cases for grid-based direct kinetic modeling of plasma flows},
	Url = {https://doi.org/10.1088/1361-6595/aac6b9},
	Volume = {27},
	Year = {2018},
	Bdsk-Url-1 = {https://doi.org/10.1088/1361-6595/aac6b9}}

@article{eyi:jtht:2019a,
	Author = {Sinan Eyi and Kyle M. Hanquist and Iain D. Boyd},
	Date-Added = {2020-04-19 20:09:33 -0700},
	Date-Modified = {2020-04-19 20:10:15 -0700},
	Doi = {10.2514/1.T5705},
	Journal = {Journal of Thermophysics and Heat Transfer},
	Number = {3},
	Pages = {785-796},
	Title = {Shape Optimization of Reentry Vehicles to Minimize Heat Loading},
	Url = {https://doi.org/10.2514/1.T5705},
	Volume = {33},
	Year = {2019},
	Bdsk-Url-1 = {https://doi.org/10.2514/1.T5705}}

@article{hanquist:fip:2019,
	Author = {Kyle M. Hanquist and Iain D. Boyd},
	Date-Added = {2020-04-19 20:08:37 -0700},
	Date-Modified = {2020-04-19 20:09:23 -0700},
	Doi = {10.3389/fphy.2019.00009},
	Journal = {Frontiers in Physics: Plasma for Aerospace},
	Number = {9},
	Title = {Plasma Assisted Cooling of Hot Surfaces on Hypersonic Vehicles},
	Url = {https://doi.org/10.3389/fphy.2019.00009},
	Volume = {7},
	Year = {2019},
	Bdsk-Url-1 = {https://doi.org/10.3389/fphy.2019.00009}}

@article{hanquist:jtht:2015,
	Author = {Kyle M. Hanquist and Hicham Alkandry and Iain D. Boyd},
	Date-Added = {2020-04-19 20:07:57 -0700},
	Date-Modified = {2020-04-19 20:08:32 -0700},
	Doi = {10.2514/1.T4932},
	Journal = {Journal of Thermophysics and Heat Transfer},
	Number = {2},
	Pages = {283-293},
	Title = {Evaluation of Computational Modeling of Electron Transpiration Cooling at High Enthalpies},
	Url = {https://doi.org/10.2514/1.T4932},
	Volume = {31},
	Year = {2017},
	Bdsk-Url-1 = {http://www.sciencedirect.com/science/article/pii/S0021999115003885},
	Bdsk-Url-2 = {http://dx.doi.org/10.1016/j.jcp.2015.05.048}}

@article{hanquist:jap:2016,
	Author = {Kyle M. Hanquist and Kentaro Hara and Iain D. Boyd},
	Date-Added = {2020-04-19 20:07:01 -0700},
	Date-Modified = {2020-04-19 20:07:44 -0700},
	Doi = {10.1063/1.4974961},
	Journal = {Journal of Applied Physics},
	Number = {5},
	Title = {Detailed Modeling of Electron Emission for Transpiration Cooling of Hypersonic Vehicles},
	Url = {https://doi.org/10.1063/1.4974961},
	Volume = {121},
	Year = {2017},
	Bdsk-Url-1 = {https://doi.org/10.1063/1.4974961}}

@article{eyi:jtht:2019,
	Author = {Sinan Eyi and Kyle M. Hanquist and Iain D. Boyd},
	Date-Added = {2020-04-19 20:06:00 -0700},
	Date-Modified = {2020-04-19 20:06:44 -0700},
	Doi = {10.2514/1.T5523},
	Journal = {Journal of Thermophysics and Heat Transfer},
	Number = {2},
	Pages = {392-406},
	Title = {Aerothermodynamic Design Optimization of Hypersonic Vehicles},
	Url = {https://doi.org/10.2514/1.T5523},
	Volume = {33},
	Year = {2019},
	Bdsk-File-1 = {YnBsaXN0MDDSAQIDBFxyZWxhdGl2ZVBhdGhZYWxpYXNEYXRhXxAtLi4vLi4vLi4vLi4vRG93bmxvYWRzL1BoeXNSZXZBLjQ0LjMwMDcuYmlidGV4TxEBdAAAAAABdAACAAAMTWFjaW50b3NoIEhEAAAAAAAAAAAAAAAAAAAAAAAAAEJEAAH/////F1BoeXNSZXZBLjQ0LjMwMDcuYmlidGV4AAAAAAAAAAAAAAAAAAAAAAAAAAAAAAAAAAAAAAAAAAAAAAAAAAAAAP////8AAAAAAAAAAAAAAAAABAACAAAKIGN1AAAAAAAAAAAAAAAAAAlEb3dubG9hZHMAAAIAMy86VXNlcnM6a3lsZS1ob21lOkRvd25sb2FkczpQaHlzUmV2QS40NC4zMDA3LmJpYnRleAAADgAwABcAUABoAHkAcwBSAGUAdgBBAC4ANAA0AC4AMwAwADAANwAuAGIAaQBiAHQAZQB4AA8AGgAMAE0AYQBjAGkAbgB0AG8AcwBoACAASABEABIAMVVzZXJzL2t5bGUtaG9tZS9Eb3dubG9hZHMvUGh5c1JldkEuNDQuMzAwNy5iaWJ0ZXgAABMAAS8AABUAAgAQ//8AAAAIAA0AGgAkAFQAAAAAAAACAQAAAAAAAAAFAAAAAAAAAAAAAAAAAAABzA==},
	Bdsk-Url-1 = {https://doi.org/10.2514/1.T5523}}

@inproceedings{hanquist:aviation:2015,
	Address = {Dallas, TX},
	Author = {Kyle M. Hanquist and Iain D. Boyd},
	Booktitle = {AIAA Aviation and Aeronautics Forum and Exposition},
	Date-Added = {2020-04-19 19:56:57 -0700},
	Date-Modified = {2020-04-19 19:58:21 -0700},
	Doi = {10.2514/6.2015-2351},
	Month = {June},
	Publisher = {{AIAA Paper} 2015-2351},
	Title = {Comparisons of Computations with Experiments for Electron Transpiration Cooling at High Enthalpies},
	Url = {https://doi.org/10.2514/6.2015-2351},
	Year = {2015},
	Bdsk-Url-1 = {https://doi.org/10.2514/6.2015-2351}}

@inproceedings{alkandry:aviation:2014,
	Address = {Atlanta, GA},
	Author = {Hicham Alkandry and Kyle M. Hanquist and Iain D. Boyd},
	Booktitle = {AIAA Aviation and Aeronautics Forum and Exposition},
	Date-Added = {2020-04-19 19:56:57 -0700},
	Date-Modified = {2020-04-19 19:59:50 -0700},
	Doi = {10.2514/6.2014-2674},
	Month = {June},
	Publisher = {{AIAA Paper} 2014-2674},
	Title = {Conceptual Analysis of Electron Transpiration Cooling for the Leading Edges of Hypersonic Vehicles},
	Url = {https://doi.org/10.2514/6.2014-2674},
	Year = {2014},
	Bdsk-Url-1 = {https://doi.org/10.2514/6.2014-2674}}

@inproceedings{hanquist:scitech:2016,
	Address = {San Diego, CA},
	Author = {Kyle M. Hanquist and Iain D. Boyd},
	Booktitle = {AIAA Science and Technology Forum and Exposition},
	Date-Added = {2020-04-19 19:54:41 -0700},
	Date-Modified = {2020-04-19 19:56:31 -0700},
	Doi = {10.2514/6.2016-0507},
	Month = {January},
	Publisher = {{AIAA Paper} 2016-0507},
	Title = {Limits for Thermionic Emission from Leading Edges of Hypersonic Vehicles},
	Url = {https://doi.org/10.2514/6.2016-0507},
	Year = {2016},
	Bdsk-Url-1 = {https://doi.org/10.2514/6.2016-0507}}

@inproceedings{hanquist:aviation:2016,
	Address = {Washington, DC},
	Author = {Kyle M. Hanquist and Kentaro Hara and Iain D. Boyd},
	Booktitle = {AIAA Aviation and Aeronautics Forum and Exposition},
	Date-Added = {2020-04-19 19:53:03 -0700},
	Date-Modified = {2020-04-19 19:54:25 -0700},
	Doi = {10.2514/6.2016-4433},
	Month = {June},
	Publisher = {{AIAA Paper} 2016-4433},
	Title = {Modeling of Electron Transpiration Cooling for Hypersonic Vehicles},
	Url = {https://doi.org/10.2514/6.2016-4433},
	Year = {2016},
	Bdsk-Url-1 = {https://doi.org/10.2514/6.2016-4433}}

@inproceedings{hanquist:scitech:2017,
	Address = {Grapevine, TX},
	Author = {Kyle M. Hanquist and Iain D. Boyd},
	Booktitle = {AIAA Science and Technology Forum and Exposition},
	Date-Added = {2020-04-19 19:50:55 -0700},
	Date-Modified = {2020-04-19 19:52:27 -0700},
	Doi = {6.2017-0900},
	Month = {January},
	Publisher = {{AIAA Paper} 2017-0900},
	Title = {Computational Analysis of Electron Transpiration Cooling for Hypersonic Vehicles},
	Url = {https://doi.org/10.2514/6.2017-0900},
	Year = {2017},
	Bdsk-Url-1 = {https://doi.org/10.2514/6.2017-0900},
	Bdsk-Url-2 = {https://doi.org/6.2017-0900}}

@inproceedings{neitzel:scitech:2017,
	Address = {Grapevine, TX},
	Author = {Kyle M. Hanquist and Kevin J. Neitzel},
	Booktitle = {AIAA Science and Technology Forum and Exposition},
	Date-Added = {2020-04-19 19:48:28 -0700},
	Date-Modified = {2020-04-19 19:50:55 -0700},
	Doi = {10.2514/6.2017-0724},
	Month = {January},
	Publisher = {{AIAA Paper} 2017-0724},
	Title = {Aerodynamic Optimization of a Golf Driver Using Computational Fluid Dynamics},
	Url = {https://doi.org/10.2514/6.2017-0724},
	Year = {2017},
	Bdsk-Url-1 = {https://doi.org/10.2514/6.2017-0724}}

@inproceedings{hanquist:scitech:2018,
	Address = {Kissimmee, FL},
	Author = {Kyle M. Hanquist and Iain D. Boyd},
	Booktitle = {AIAA Science and Technology Forum and Exposition},
	Date-Added = {2020-04-19 19:45:47 -0700},
	Date-Modified = {2020-04-19 19:47:50 -0700},
	Doi = {10.2514/6.2018-1714},
	Month = {January},
	Publisher = {{AIAA Paper} 2018-1714},
	Title = {Effectiveness of Thermionic Emission for Cooling Hypersonic Vehicle Surfaces},
	Url = {https://doi.org/10.2514/6.2018-1714},
	Year = {2018},
	Bdsk-Url-1 = {https://doi.org/10.2514/6.2018-1714}}

@inproceedings{eyi:aviation:2018,
	Address = {Atlanta, GA},
	Author = {Sinan Eyi and Kyle M. Hanquist and Iain D. Boyd},
	Booktitle = {2018 Multidisciplinary Analysis and Optimization Conference},
	Date-Added = {2020-04-19 19:41:37 -0700},
	Date-Modified = {2020-04-19 19:44:02 -0700},
	Doi = {10.2514/6.2018-3108},
	Month = {June},
	Publisher = {{AIAA Paper} 2018-3108},
	Title = {Aerothermodynamic Design Optimization of Hypersonic Vehicles},
	Url = {https://doi.org/10.2514/6.2018-3108},
	Year = {2018},
	Bdsk-Url-1 = {https://doi.org/10.2514/6.2018-3108}}

@inproceedings{hanquist:aviation:18,
	Address = {Atlanta, GA},
	Author = {Kyle M. Hanquist and Iain D. Boyd},
	Booktitle = {AIAA Aviation and Aeronautics Forum and Exposition},
	Date-Added = {2020-04-19 19:39:02 -0700},
	Date-Modified = {2020-04-19 20:01:14 -0700},
	Doi = {10.2514/6.2018-3769},
	Month = {June},
	Publisher = {{AIAA Paper} 2018-3769},
	Title = {Modeling of Excited Oxygen in Post Normal Shock Waves},
	Url = {https://doi.org/10.2514/6.2018-3769},
	Year = {2018},
	Bdsk-Url-1 = {https://doi.org/10.2514/6.2018-3769}}

@inproceedings{sadagopan:scitech:2020,
	Address = {Orlando, FL},
	Author = {Aravinth Sadagopan and Daning Huang and Kyle M. Hanquist},
	Booktitle = {AIAA Science and Technology Forum and Exposition},
	Date-Added = {2020-04-19 19:32:05 -0700},
	Date-Modified = {2020-04-19 19:35:05 -0700},
	Doi = {10.2514/6.2020-0937},
	Month = {January},
	Publisher = {{AIAA Paper} 2020-0937},
	Title = {Impact of High-Temperature Effects on the Aerothermoelastic Behavior of Composite Skin Panels in Hypersonic Flow},
	Url = {https://doi.org/10.2514/6.2020-0937},
	Year = {2020},
	Bdsk-Url-1 = {https://doi.org/10.2514/6.2020-0937}}

@inproceedings{flora:scitech:2020,
	Address = {Orlando, FL},
	Author = {Flora, G. and Karimzadeh, F. and Yamada, T. and Grinstead, K. D. and Kahandawala, M. S. P. and Valentini, P. and Grover, M. S. and Igor V. Adamovich and Carter, C. D. and Josyula, E.},
	Booktitle = {AIAA Science and Technology Forum and Exposition},
	Date-Added = {2020-04-19 19:24:30 -0700},
	Date-Modified = {2020-05-12 13:25:42 -0700},
	Month = {January},
	Publisher = {{AIAA Paper} 2020-0621},
	Title = {On characterizing nonequilibrium at the shock-front in shock tube experiments with pure oxygen},
	Year = {2020}}

@article{holloway:jtht:2020,
	Author = {Holloway, M. E. and Hanquist, K. M. and Boyd, I. D.},
	Date-Added = {2020-04-19 17:43:12 -0700},
	Date-Modified = {2020-04-19 17:43:12 -0700},
	Journal = {Journal of Thermophysics and Heat Transfer},
	Title = {Assessment of Thermochemistry Modeling for Hypersonic Flow over a Double Cone},
	Year = {2020}}

@inproceedings{eyi:scitech:2019,
	Address = {San Diego, CA},
	Author = {Sinan Eyi and Kyle M. Hanquist and Iain D. Boyd},
	Booktitle = {AIAA Science and Technology Forum and Exposition},
	Date-Added = {2020-04-18 15:14:32 -0700},
	Date-Modified = {2020-04-19 19:37:15 -0700},
	Doi = {10.2514/6.2019-0973},
	Month = {January},
	Publisher = {{AIAA Paper} 2019-0973},
	Title = {Shape Optimization of Reentry Vehicles to Minimize Heat Loading},
	Url = {https://doi.org/10.2514/6.2019-0973},
	Year = {2019},
	Bdsk-Url-1 = {https://doi.org/10.2514/6.2019-0973}}

@inproceedings{hanquist:aviation:2019,
	Address = {Atlanta, GA},
	Author = {Kyle M. Hanquist and Iain D. Boyd},
	Booktitle = {AIAA Aviation and Aeronautics Forum and Exposition},
	Date-Added = {2020-04-18 15:14:32 -0700},
	Date-Modified = {2020-04-19 17:55:53 -0700},
	Doi = {10.2514/6.2019-3567},
	Month = {June},
	Publisher = {{AIAA Paper} 2019-3567},
	Title = {Modeling of Electronically Excited Oxygen in {O2-Ar} Shock Tube Studies},
	Url = {https://doi.org/10.2514/6.2019-3567},
	Year = {2019},
	Bdsk-Url-1 = {https://doi.org/10.2514/6.2019-3567}}

@inproceedings{holloway:scitech:2019,
	Address = {San Diego, CA},
	Author = {Michael E. Holloway and Kyle M. Hanquist and Iain D. Boyd},
	Booktitle = {AIAA Science and Technology Forum and Exposition},
	Date-Added = {2020-04-18 15:14:32 -0700},
	Date-Modified = {2020-04-19 18:40:47 -0700},
	Doi = {10.2514/6.2019-2281},
	Month = {January},
	Publisher = {{AIAA Paper} 2019-2281},
	Title = {Effect of Thermochemistry Modeling on Hypersonic Flow Over a Double Cone},
	Url = {https://doi.org/10.2514/6.2019-2281},
	Year = {2019},
	Bdsk-Url-1 = {https://doi.org/10.2514/6.2019-2281}}

@conference{wu:scitech:2019,
	Author = {Wu, Y. and Limbach, C. M. and Tropina, A. A. and Miles, R. B.},
	Booktitle = {AIAA Paper 2019-2066 {AIAA Scitech Forum}},
	Date-Added = {2019-11-21 16:55:09 -0700},
	Date-Modified = {2019-11-21 16:57:48 -0700},
	Title = {Space and time analysis of {N}\textsubscript{2} vibrational nonequilibrium in the {N}\textsubscript{2} and air nanosecond discharge afterglow},
	Year = {2019}}

@inproceedings{streicher:scitech:2019,
	Address = {San Diego, CA},
	Author = {Streicher, J. W. AND Krish, A. AND Wang, S. AND Davidson, D. F. AND Hanson, R. K.},
	Booktitle = {AIAA Science and Technology Forum and Exposition},
	Date-Added = {2019-11-07 12:19:03 -0700},
	Date-Modified = {2020-04-30 17:24:02 -0700},
	Month = {January},
	Pages = {1--11},
	Publisher = {{AIAA Paper} 2019-0795},
	Title = {Measurements of Oxygen Vibrational Relaxation and Dissociation Using Ultraviolet Laser Absorption in Shock Tube Experiments},
	Year = {2019}}

@mastersthesis{owen:thesis:2014,
	Address = {Stanford},
	Author = {Owen, K.},
	Date-Added = {2019-11-07 12:18:22 -0700},
	Date-Modified = {2019-11-07 12:23:51 -0700},
	School = {Stanford University},
	Title = {Measurements of Vibrational Relaxation and Dissociation of Oxygen with Laser Absorption Spectroscopy with Applications for Energy Transfer in Nonequilibrium Air},
	Year = {2014}}

@article{capitelli:jpca:2004,
	Author = {Capitelli, M. AND Colonna, G. AND Esposito, F.},
	Date-Added = {2019-11-07 12:08:38 -0700},
	Date-Modified = {2019-11-07 12:10:39 -0700},
	Journal = {The Journal of Physical Chemistry A},
	Number = {41},
	Pages = {8930-8934},
	Title = {On the Coupling of Vibrational Relaxation with the Dissociation-Recombination Kinetics: From Dynamics to Aerospace Applications},
	Volume = {108},
	Year = {2004}}

@article{kim:cp:2015,
	Author = {Kim, J. G. and Boyd, I. D.},
	Date-Added = {2019-11-07 12:01:03 -0700},
	Date-Modified = {2020-06-01 10:22:48 -0700},
	Journal = {Chemical Physics},
	Pages = {76-85},
	Title = {Thermochemical nonequilibrium analysis of O\textsubscript{2}-Ar based on state-resolved kinetics},
	Volume = {446},
	Year = {2014}}

@article{andrienko:pof:2015,
	Author = {Andrienko, D. A. and Boyd, I. D},
	Date-Added = {2019-11-07 11:53:53 -0700},
	Date-Modified = {2019-11-07 11:54:14 -0700},
	Journal = {Physics of Fluids},
	Number = {11601},
	Pages = {1-25},
	Title = {High Fidelity Modeling of Thermal Relaxation and Dissociation of Oxygen},
	Volume = {27},
	Year = {2015}}

@article{panesi:jcp:2013,
	Author = {Marco Panesi AND Richard L. Jaffe AND David W. Schwenke AND Thierry E. Magin},
	Date-Added = {2019-11-05 13:38:14 -0700},
	Date-Modified = {2019-11-05 13:59:57 -0700},
	Journal = {The Journal of Chemical Physics},
	Number = {4},
	Pages = {1-16},
	Title = {Rovibrational internal energy transfer and dissociation of N\textsubscript{2}(\textsuperscript{1}$\Sigma$+g)-N(\textsuperscript{4}S\textsubscript{u}) system in hypersonic flows},
	Volume = {138},
	Year = {2012}}

@article{kim:cp:2013,
	Author = {Kim, J. G. and Boyd, I. D.},
	Date-Added = {2019-11-05 13:36:37 -0700},
	Date-Modified = {2019-11-05 13:38:10 -0700},
	Journal = {Chemical Physics},
	Number = {3},
	Pages = {237-246},
	Title = {State-Resolved Master Equation Analysis of Thermochemical Nonequilibrium of Nitrogen},
	Volume = {415},
	Year = {2013}}

@article{adamovich:jtht:1998,
	Author = {Igor V. Adamovich AND Sergery O. Macheret AND J. William Rich AND Charles E. Treanor},
	Date-Added = {2019-11-05 13:34:22 -0700},
	Date-Modified = {2019-11-05 13:36:15 -0700},
	Journal = {Journal of Thermophysics and Heat Transfer},
	Number = {1},
	Pages = {57-65},
	Title = {Vibrational Energy Transfer Rates Using a Forced Harmonic Oscillator Model},
	Volume = {12},
	Year = {1998}}

@article{neitzel:jtht:2017,
	Author = {Neitzel, K. J. and Andrienko, D. A. and Boyd, I. D.},
	Date-Added = {2019-11-05 12:54:38 -0700},
	Date-Modified = {2019-11-05 12:54:51 -0700},
	Journal = {Journal of Thermophysics and Heat Transfer},
	Number = {3},
	Pages = {634-645},
	Title = {Aerothermochemical Nonequilibrium Modeling for Oxygen Flows},
	Volume = {31},
	Year = {2017}}

@book{park:1990,
	Address = {New York},
	Author = {Park, C.},
	Date-Added = {2019-11-05 12:52:25 -0700},
	Date-Modified = {2019-11-05 12:53:32 -0700},
	Publisher = {Wiley},
	Title = {Nonequilbrium Hypersonic Aerothermodynamics},
	Year = {1990}}

@phdthesis{neitzel:thesis:2017,
	Address = {Ann Arbor},
	Author = {Neitzel, K. J.},
	Date-Added = {2019-11-05 12:51:27 -0700},
	Date-Modified = {2019-11-05 12:51:53 -0700},
	School = {University of Michigan},
	Title = {Thermochemical Modeling of Nonequilibrium Oxygen Flows},
	Year = {2016}}

@conference{rondeau:sfte:2013,
	Author = {Christopher M. Rondeau AND Timothy R. Jorris},
	Booktitle = {{SFTE 44th International / SETP Southwest Flight Test Symposium}},
	Date-Added = {2019-11-05 12:28:51 -0700},
	Date-Modified = {2020-04-18 15:13:30 -0700},
	Pages = {1-14},
	Title = {X-51A Scramjet Demostrator Program: Waverider Ground and Flight Test,},
	Year = {2013}}

@article{voland:aa:2006,
	Author = {Randall T. Voland AND Lawrence D. Huebner AND Charles R. McClinton},
	Date-Added = {2019-11-05 12:25:48 -0700},
	Date-Modified = {2019-11-05 12:35:15 -0700},
	Journal = {Acta Astronautica},
	Pages = {181-191},
	Title = {X-43A Hypersonic vehicle technology development},
	Volume = {59},
	Year = {2006}}

@phdthesis{mackey:thesis:2019,
	Author = {Lauren E. H. Mackey},
	Date-Added = {2020-06-08 15:53:41 -0700},
	Date-Modified = {2020-06-08 15:54:16 -0700},
	School = {University of Michigan},
	Title = {Aero-Optical Assessments of Hypersonic Flowfields},
	Year = {2019}}

@inproceedings{jones:usafte:2009,
	Address = {Alberquerque, New Mexico},
	Author = {Charles Jones},
	Booktitle = {U.S. Air Force T and E Days 2009},
	Date-Added = {2020-06-08 15:49:57 -0700},
	Date-Modified = {2020-07-29 13:41:31 -0700},
	Doi = {10.2514/6.2009-1718},
	Month = {February},
	Publisher = {AIAA 2009-1718},
	Title = {Recommendations From the Workshop on Communications Through Plasma During Hypersonic Flight},
	Year = {2009},
	Bdsk-Url-1 = {https://doi.org/10.2514/6.2009-1718}}

@article{tropina:jop:2019,
	Author = {Albina A Tropina and Yue Wu and Christopher M Limbach and Richard B Miles},
	Date-Added = {2020-06-08 15:47:24 -0700},
	Date-Modified = {2020-07-27 17:47:56 -0700},
	Doi = {10.1088/1361-6463/ab5bb2},
	Journal = {Journal of Physics D: Applied Physics},
	Month = {December},
	Number = {10},
	Pages = {105201},
	Title = {Influence of vibrational non-equilibrium on the polarizability and refraction index in air: computational study},
	Volume = {53},
	Year = {2019},
	Bdsk-Url-1 = {https://iopscience.iop.org/article/10.1088/1361-6463/ab5bb2}}

@article{qin:caf:2002,
	Author = {Xiao Qin and Xudong Xiao and Ishwar K. Puri and Suresh K. Aggarwal},
	Date-Added = {2020-06-08 15:45:41 -0700},
	Date-Modified = {2020-07-27 17:55:38 -0700},
	Doi = {10.1016/S0010-2180(01)00338-8},
	Journal = {Combustion and Flame},
	Number = {1},
	Pages = {121 -132},
	Title = {Effect of varying composition on temperature reconstructions obtained from refractive index measurements in flames},
	Volume = {128},
	Year = {2002},
	Bdsk-File-1 = {YnBsaXN0MDDSAQIDBFxyZWxhdGl2ZVBhdGhZYWxpYXNEYXRhXxAyLi4vLi4vLi4vLi4vLi4vLi4vRG93bmxvYWRzL1MwMDEwMjE4MDAxMDAzMzg4Lmh0bWxPEQFqAAAAAAFqAAIAAAxNYWNpbnRvc2ggSEQAAAAAAAAAAAAAAAAAAAAAAAAAQkQAAf////8WUzAwMTAyMTgwMDEwMDMzODguaHRtbAAAAAAAAAAAAAAAAAAAAAAAAAAAAAAAAAAAAAAAAAAAAAAAAAAAAAAA/////wAAAAAAAAAAAAAAAAAGAAIAAAogY3UAAAAAAAAAAAAAAAAACURvd25sb2FkcwAAAgAvLzpVc2VyczpNYXJ0aW46RG93bmxvYWRzOlMwMDEwMjE4MDAxMDAzMzg4Lmh0bWwAAA4ALgAWAFMAMAAwADEAMAAyADEAOAAwADAAMQAwADAAMwAzADgAOAAuAGgAdABtAGwADwAaAAwATQBhAGMAaQBuAHQAbwBzAGgAIABIAEQAEgAtVXNlcnMvTWFydGluL0Rvd25sb2Fkcy9TMDAxMDIxODAwMTAwMzM4OC5odG1sAAATAAEvAAAVAAIADf//AAAACAANABoAJABZAAAAAAAAAgEAAAAAAAAABQAAAAAAAAAAAAAAAAAAAcc=}}

@article{anderson:tpof:1969,
	Author = {Anderson,J. H. B.},
	Date-Added = {2020-06-08 15:43:05 -0700},
	Date-Modified = {2020-07-27 17:53:58 -0700},
	Doi = {10.1063/1.1692629},
	Journal = {The Physics of Fluids},
	Number = {5},
	Pages = {I-57-I-60},
	Title = {Experimental Determination of the Gladstone‐Dale Constants for Dissociating Oxygen},
	Volume = {12},
	Year = {1969},
	Bdsk-File-1 = {YnBsaXN0MDDSAQIDBFxyZWxhdGl2ZVBhdGhZYWxpYXNEYXRhXxAkLi4vLi4vLi4vLi4vRG93bmxvYWRzLzEuMTY5MjYyOS5odG1sTxEBSgAAAAABSgACAAAMTWFjaW50b3NoIEhEAAAAAAAAAAAAAAAAAAAAAAAAAEJEAAH/////DjEuMTY5MjYyOS5odG1sAAAAAAAAAAAAAAAAAAAAAAAAAAAAAAAAAAAAAAAAAAAAAAAAAAAAAAAAAAAAAAAAAP////8AAAAAAAAAAAAAAAAABAACAAAKIGN1AAAAAAAAAAAAAAAAAAlEb3dubG9hZHMAAAIAJy86VXNlcnM6TWFydGluOkRvd25sb2FkczoxLjE2OTI2MjkuaHRtbAAADgAeAA4AMQAuADEANgA5ADIANgAyADkALgBoAHQAbQBsAA8AGgAMAE0AYQBjAGkAbgB0AG8AcwBoACAASABEABIAJVVzZXJzL01hcnRpbi9Eb3dubG9hZHMvMS4xNjkyNjI5Lmh0bWwAABMAAS8AABUAAgAN//8AAAAIAA0AGgAkAEsAAAAAAAACAQAAAAAAAAAFAAAAAAAAAAAAAAAAAAABmQ==}}

@inproceedings{karl:fdc:2003,
	Address = {Orlando, FL},
	Author = {Sebastian Karl and Jan Martinez Schramm and Klaus Hannemann},
	Booktitle = {33rd AIAA Fluid Dynamics Conference and Exhibit},
	Date-Added = {2020-06-08 15:41:30 -0700},
	Date-Modified = {2020-07-27 17:51:26 -0700},
	Doi = {10.2514/6.2003-4252},
	Month = {June},
	Publisher = {AIAA 2003-4252},
	Title = {High Enthalpy Cylinder Flow in HEG: A Basis for CFD Validation},
	Year = {2003},
	Bdsk-File-1 = {YnBsaXN0MDDSAQIDBFxyZWxhdGl2ZVBhdGhZYWxpYXNEYXRhXxBALi4vLi4vLi4vLi4vRG93bmxvYWRzL2h0dHAtLS1keC5kb2kub3JnLTEwLjI1MTQtNi4yMDAzLTQyNTIuaHRtbE8RAboAAAAAAboAAgAADE1hY2ludG9zaCBIRAAAAAAAAAAAAAAAAAAAAAAAAABCRAAB/////x9odHRwLS0tZHguZG9pLm9yZyNGRkZGRkZGRi5odG1sAAAAAAAAAAAAAAAAAAAAAAAAAAAAAAAAAAAAAAAAAAD/////AAAAAAAAAAAAAAAAAAQAAgAACiBjdQAAAAAAAAAAAAAAAAAJRG93bmxvYWRzAAACAEMvOlVzZXJzOk1hcnRpbjpEb3dubG9hZHM6aHR0cC0tLWR4LmRvaS5vcmctMTAuMjUxNC02LjIwMDMtNDI1Mi5odG1sAAAOAFYAKgBoAHQAdABwAC0ALQAtAGQAeAAuAGQAbwBpAC4AbwByAGcALQAxADAALgAyADUAMQA0AC0ANgAuADIAMAAwADMALQA0ADIANQAyAC4AaAB0AG0AbAAPABoADABNAGEAYwBpAG4AdABvAHMAaAAgAEgARAASAEFVc2Vycy9NYXJ0aW4vRG93bmxvYWRzL2h0dHAtLS1keC5kb2kub3JnLTEwLjI1MTQtNi4yMDAzLTQyNTIuaHRtbAAAEwABLwAAFQACAA3//wAAAAgADQAaACQAZwAAAAAAAAIBAAAAAAAAAAUAAAAAAAAAAAAAAAAAAAIl}}

@article{alpher:tpof:1959,
	Author = {Alpher,Ralph A. and White,Donald R.},
	Date-Added = {2020-06-08 15:39:25 -0700},
	Date-Modified = {2020-07-27 17:54:49 -0700},
	Doi = {10.1063/1.1705906},
	Journal = {The Physics of Fluids},
	Month = {March-April},
	Number = {2},
	Pages = {153-161},
	Title = {Optical Refractivity of High‐Temperature Gases. I. Effects Resulting from Dissociation of Diatomic Gases},
	Volume = {2},
	Year = {1959},
	Bdsk-File-1 = {YnBsaXN0MDDSAQIDBFxyZWxhdGl2ZVBhdGhZYWxpYXNEYXRhXxAkLi4vLi4vLi4vLi4vRG93bmxvYWRzLzEuMTcwNTkwNi5odG1sTxEBSgAAAAABSgACAAAMTWFjaW50b3NoIEhEAAAAAAAAAAAAAAAAAAAAAAAAAEJEAAH/////DjEuMTcwNTkwNi5odG1sAAAAAAAAAAAAAAAAAAAAAAAAAAAAAAAAAAAAAAAAAAAAAAAAAAAAAAAAAAAAAAAAAP////8AAAAAAAAAAAAAAAAABAACAAAKIGN1AAAAAAAAAAAAAAAAAAlEb3dubG9hZHMAAAIAJy86VXNlcnM6TWFydGluOkRvd25sb2FkczoxLjE3MDU5MDYuaHRtbAAADgAeAA4AMQAuADEANwAwADUAOQAwADYALgBoAHQAbQBsAA8AGgAMAE0AYQBjAGkAbgB0AG8AcwBoACAASABEABIAJVVzZXJzL01hcnRpbi9Eb3dubG9hZHMvMS4xNzA1OTA2Lmh0bWwAABMAAS8AABUAAgAN//8AAAAIAA0AGgAkAEsAAAAAAAACAQAAAAAAAAAFAAAAAAAAAAAAAAAAAAABmQ==}}

@article{mackey:aiaa:2019,
	Author = {Mackey, Lauren E. and Boyd, Iain D.},
	Date-Added = {2020-06-08 15:38:09 -0700},
	Date-Modified = {2020-07-27 17:45:18 -0700},
	Doi = {10.2514/1.J057869},
	Journal = {AIAA Journal},
	Month = {September},
	Number = {9},
	Pages = {3885-3897},
	Title = {Assessment of Hypersonic Flow Physics on Aero-Optics},
	Volume = {57},
	Year = {2019},
	Bdsk-File-1 = {YnBsaXN0MDDSAQIDBFxyZWxhdGl2ZVBhdGhZYWxpYXNEYXRhXxAqLi4vLi4vLi4vLi4vLi4vLi4vRG93bmxvYWRzLzEuSjA1Nzg2OS5odG1sTxEBSgAAAAABSgACAAAMTWFjaW50b3NoIEhEAAAAAAAAAAAAAAAAAAAAAAAAAEJEAAH/////DjEuSjA1Nzg2OS5odG1sAAAAAAAAAAAAAAAAAAAAAAAAAAAAAAAAAAAAAAAAAAAAAAAAAAAAAAAAAAAAAAAAAP////8AAAAAAAAAAAAAAAAABgACAAAKIGN1AAAAAAAAAAAAAAAAAAlEb3dubG9hZHMAAAIAJy86VXNlcnM6TWFydGluOkRvd25sb2FkczoxLkowNTc4NjkuaHRtbAAADgAeAA4AMQAuAEoAMAA1ADcAOAA2ADkALgBoAHQAbQBsAA8AGgAMAE0AYQBjAGkAbgB0AG8AcwBoACAASABEABIAJVVzZXJzL01hcnRpbi9Eb3dubG9hZHMvMS5KMDU3ODY5Lmh0bWwAABMAAS8AABUAAgAN//8AAAAIAA0AGgAkAFEAAAAAAAACAQAAAAAAAAAFAAAAAAAAAAAAAAAAAAABnw==}}

@inproceedings{ren:fdc:2012,
	Address = {New Orleans, Louisiana},
	Author = {Wei Ren and Hong Liu},
	Booktitle = {42nd AIAA Fluid Dynamics Conference and Exhibit},
	Date-Added = {2020-06-08 15:36:32 -0700},
	Date-Modified = {2020-07-27 18:06:59 -0700},
	Doi = {10.2514/6.2012-2988},
	Month = {June},
	Publisher = {AIAA 2012-2988},
	Title = {Study on the Effect of Compressibility and Knudsen Number on Aero Optics in Supersonic/Hypersonic Flows},
	Year = {2012},
	Bdsk-File-1 = {YnBsaXN0MDDSAQIDBFxyZWxhdGl2ZVBhdGhZYWxpYXNEYXRhXxAsLi4vLi4vLi4vLi4vLi4vLi4vRG93bmxvYWRzLzYuMjAxMi0yOTg4Lmh0bWxPEQFSAAAAAAFSAAIAAAxNYWNpbnRvc2ggSEQAAAAAAAAAAAAAAAAAAAAAAAAAQkQAAf////8QNi4yMDEyLTI5ODguaHRtbAAAAAAAAAAAAAAAAAAAAAAAAAAAAAAAAAAAAAAAAAAAAAAAAAAAAAAAAAAAAAAA/////wAAAAAAAAAAAAAAAAAGAAIAAAogY3UAAAAAAAAAAAAAAAAACURvd25sb2FkcwAAAgApLzpVc2VyczpNYXJ0aW46RG93bmxvYWRzOjYuMjAxMi0yOTg4Lmh0bWwAAA4AIgAQADYALgAyADAAMQAyAC0AMgA5ADgAOAAuAGgAdABtAGwADwAaAAwATQBhAGMAaQBuAHQAbwBzAGgAIABIAEQAEgAnVXNlcnMvTWFydGluL0Rvd25sb2Fkcy82LjIwMTItMjk4OC5odG1sAAATAAEvAAAVAAIADf//AAAACAANABoAJABTAAAAAAAAAgEAAAAAAAAABQAAAAAAAAAAAAAAAAAAAak=}}

@inproceedings{siegenthaler:aiaa:2008,
	Address = {Reno, Nevada},
	Author = {John Siegenthaler and Eric Jumper and Stanislav Gordeyev},
	Booktitle = {46th AIAA Aerospace Sciences Meeting and Exhibit},
	Date-Added = {2020-06-08 15:34:33 -0700},
	Date-Modified = {2020-07-27 17:56:21 -0700},
	Doi = {10.2514/6.2008-1076},
	Month = {January},
	Publisher = {AIAA 2008-1076},
	Title = {Atmospheric Propagation vs. Aero-Optics},
	Year = {2008},
	Bdsk-File-1 = {YnBsaXN0MDDSAQIDBFxyZWxhdGl2ZVBhdGhZYWxpYXNEYXRhXxAsLi4vLi4vLi4vLi4vLi4vLi4vRG93bmxvYWRzLzYuMjAwOC0xMDc2Lmh0bWxPEQFSAAAAAAFSAAIAAAxNYWNpbnRvc2ggSEQAAAAAAAAAAAAAAAAAAAAAAAAAQkQAAf////8QNi4yMDA4LTEwNzYuaHRtbAAAAAAAAAAAAAAAAAAAAAAAAAAAAAAAAAAAAAAAAAAAAAAAAAAAAAAAAAAAAAAA/////wAAAAAAAAAAAAAAAAAGAAIAAAogY3UAAAAAAAAAAAAAAAAACURvd25sb2FkcwAAAgApLzpVc2VyczpNYXJ0aW46RG93bmxvYWRzOjYuMjAwOC0xMDc2Lmh0bWwAAA4AIgAQADYALgAyADAAMAA4AC0AMQAwADcANgAuAGgAdABtAGwADwAaAAwATQBhAGMAaQBuAHQAbwBzAGgAIABIAEQAEgAnVXNlcnMvTWFydGluL0Rvd25sb2Fkcy82LjIwMDgtMTA3Ni5odG1sAAATAAEvAAAVAAIADf//AAAACAANABoAJABTAAAAAAAAAgEAAAAAAAAABQAAAAAAAAAAAAAAAAAAAak=}}

@article{kundrapu:jsr:2015,
	Author = {Kundrapu, Madhusudhan and Loverich, John and Beckwith, Kristian and Stoltz, Peter and Shashurin, Alexey and Keidar, Michael},
	Date-Added = {2020-06-08 15:32:42 -0700},
	Date-Modified = {2020-07-27 17:44:36 -0700},
	Doi = {10.2514/1.A33122},
	Journal = {Journal of Spacecraft and Rockets},
	Number = {3},
	Pages = {853-862},
	Title = {Modeling Radio Communication Blackout and Blackout Mitigation in Hypersonic Vehicles},
	Volume = {52},
	Year = {2015},
	Bdsk-File-1 = {YnBsaXN0MDDSAQIDBFxyZWxhdGl2ZVBhdGhZYWxpYXNEYXRhXxAjLi4vLi4vLi4vLi4vRG93bmxvYWRzLzEuQTMzMTIyLmh0bWxPEQFEAAAAAAFEAAIAAAxNYWNpbnRvc2ggSEQAAAAAAAAAAAAAAAAAAAAAAAAAQkQAAf////8NMS5BMzMxMjIuaHRtbAAAAAAAAAAAAAAAAAAAAAAAAAAAAAAAAAAAAAAAAAAAAAAAAAAAAAAAAAAAAAAAAAAA/////wAAAAAAAAAAAAAAAAAEAAIAAAogY3UAAAAAAAAAAAAAAAAACURvd25sb2FkcwAAAgAmLzpVc2VyczpNYXJ0aW46RG93bmxvYWRzOjEuQTMzMTIyLmh0bWwADgAcAA0AMQAuAEEAMwAzADEAMgAyAC4AaAB0AG0AbAAPABoADABNAGEAYwBpAG4AdABvAHMAaAAgAEgARAASACRVc2Vycy9NYXJ0aW4vRG93bmxvYWRzLzEuQTMzMTIyLmh0bWwAEwABLwAAFQACAA3//wAAAAgADQAaACQASgAAAAAAAAIBAAAAAAAAAAUAAAAAAAAAAAAAAAAAAAGS}}

@inproceedings{pade:spie:2003,
	Address = {Barcelona, Spain},
	Author = {Offer Pade and Evgeny Frumker and Paula Ines Rojt},
	Booktitle = {Optics in Atmospheric Propagation and Adaptive Systems VI},
	Date-Added = {2020-06-08 15:27:24 -0700},
	Date-Modified = {2020-07-27 17:43:53 -0700},
	Doi = {10.1117/12.510945},
	Editor = {John D. Gonglewski and Karin Stein},
	Month = {February},
	Organization = {International Society for Optics and Photonics},
	Pages = {31-38},
	Publisher = {SPIE},
	Title = {Optical distortions caused by propagation through turbulent shear layers},
	Volume = {5237},
	Year = {2003},
	Bdsk-File-1 = {YnBsaXN0MDDSAQIDBFxyZWxhdGl2ZVBhdGhZYWxpYXNEYXRhXxApLi4vLi4vLi4vLi4vRG93bmxvYWRzLzEyLjUxMDk0NS5mdWxsLmh0bWxPEQFcAAAAAAFcAAIAAAxNYWNpbnRvc2ggSEQAAAAAAAAAAAAAAAAAAAAAAAAAQkQAAf////8TMTIuNTEwOTQ1LmZ1bGwuaHRtbAAAAAAAAAAAAAAAAAAAAAAAAAAAAAAAAAAAAAAAAAAAAAAAAAAAAAAAAAAA/////wAAAAAAAAAAAAAAAAAEAAIAAAogY3UAAAAAAAAAAAAAAAAACURvd25sb2FkcwAAAgAsLzpVc2VyczpNYXJ0aW46RG93bmxvYWRzOjEyLjUxMDk0NS5mdWxsLmh0bWwADgAoABMAMQAyAC4ANQAxADAAOQA0ADUALgBmAHUAbABsAC4AaAB0AG0AbAAPABoADABNAGEAYwBpAG4AdABvAHMAaAAgAEgARAASACpVc2Vycy9NYXJ0aW4vRG93bmxvYWRzLzEyLjUxMDk0NS5mdWxsLmh0bWwAEwABLwAAFQACAA3//wAAAAgADQAaACQAUAAAAAAAAAIBAAAAAAAAAAUAAAAAAAAAAAAAAAAAAAGw}}

@inproceedings{gupta:scitech:2020,
	Address = {Orlando, FL},
	Author = {Anubhav Gupta and Brian Argrow},
	Booktitle = {AIAA Scitech 2020 Forum},
	Date-Added = {2020-06-08 15:25:42 -0700},
	Date-Modified = {2020-07-27 17:41:59 -0700},
	Doi = {10.2514/6.2020-0684},
	Month = {January},
	Publisher = {AIAA 2020-0684},
	Title = {Analytical Approach for Aero-Optical and Atmospheric Effects in Supersonic Flow Fields},
	Year = {2020},
	Bdsk-File-1 = {YnBsaXN0MDDSAQIDBFxyZWxhdGl2ZVBhdGhZYWxpYXNEYXRhXxAsLi4vLi4vLi4vLi4vLi4vLi4vRG93bmxvYWRzLzYuMjAyMC0wNjg0Lmh0bWxPEQFSAAAAAAFSAAIAAAxNYWNpbnRvc2ggSEQAAAAAAAAAAAAAAAAAAAAAAAAAQkQAAf////8QNi4yMDIwLTA2ODQuaHRtbAAAAAAAAAAAAAAAAAAAAAAAAAAAAAAAAAAAAAAAAAAAAAAAAAAAAAAAAAAAAAAA/////wAAAAAAAAAAAAAAAAAGAAIAAAogY3UAAAAAAAAAAAAAAAAACURvd25sb2FkcwAAAgApLzpVc2VyczpNYXJ0aW46RG93bmxvYWRzOjYuMjAyMC0wNjg0Lmh0bWwAAA4AIgAQADYALgAyADAAMgAwAC0AMAA2ADgANAAuAGgAdABtAGwADwAaAAwATQBhAGMAaQBuAHQAbwBzAGgAIABIAEQAEgAnVXNlcnMvTWFydGluL0Rvd25sb2Fkcy82LjIwMjAtMDY4NC5odG1sAAATAAEvAAAVAAIADf//AAAACAANABoAJABTAAAAAAAAAgEAAAAAAAAABQAAAAAAAAAAAAAAAAAAAak=}}

@inproceedings{vogiatzis:spie:2014,
	Address = {Montreal, Quebec},
	Author = {Konstantinos Vogiatzis and Corinne Boyer and Kai Wei and Jinlong Tang and Brent Ellerbroek},
	Booktitle = {Adaptive Optics Systems IV},
	Date-Added = {2020-06-08 15:22:42 -0700},
	Date-Modified = {2020-07-27 17:40:50 -0700},
	Doi = {10.1117/12.2057208},
	Editor = {Enrico Marchetti and Laird M. Close and Jean-Pierre V{\'e}ran},
	Month = {August},
	Organization = {International Society for Optics and Photonics},
	Pages = {2024 - 2033},
	Publisher = {SPIE},
	Title = {Aero-thermal simulations of the TMT Laser Guide Star Facility},
	Volume = {9148},
	Year = {2014},
	Bdsk-Url-1 = {https://doi.org/10.1117/12.2057208}}

@inproceedings{pazder:spie:2006,
	Address = {Marseille, France},
	Author = {John S. Pazder and Konstantinos Vogiatzis and George Z. Angeli},
	Booktitle = {Modeling, Systems Engineering, and Project Management for Astronomy III},
	Date-Added = {2020-06-08 15:18:03 -0700},
	Date-Modified = {2020-07-27 17:34:58 -0700},
	Doi = {10.1117/12.789636},
	Month = {July},
	Pages = {229-237},
	Publisher = {SPIE},
	Title = {Dome and mirror seeing estimates for the Thirty Meter Telescope},
	Volume = {7017},
	Year = {2008},
	Bdsk-File-1 = {YnBsaXN0MDDSAQIDBFxyZWxhdGl2ZVBhdGhZYWxpYXNEYXRhXxApLi4vLi4vLi4vLi4vRG93bmxvYWRzLzEyLjc4OTYzNi5mdWxsLmh0bWxPEQFcAAAAAAFcAAIAAAxNYWNpbnRvc2ggSEQAAAAAAAAAAAAAAAAAAAAAAAAAQkQAAf////8TMTIuNzg5NjM2LmZ1bGwuaHRtbAAAAAAAAAAAAAAAAAAAAAAAAAAAAAAAAAAAAAAAAAAAAAAAAAAAAAAAAAAA/////wAAAAAAAAAAAAAAAAAEAAIAAAogY3UAAAAAAAAAAAAAAAAACURvd25sb2FkcwAAAgAsLzpVc2VyczpNYXJ0aW46RG93bmxvYWRzOjEyLjc4OTYzNi5mdWxsLmh0bWwADgAoABMAMQAyAC4ANwA4ADkANgAzADYALgBmAHUAbABsAC4AaAB0AG0AbAAPABoADABNAGEAYwBpAG4AdABvAHMAaAAgAEgARAASACpVc2Vycy9NYXJ0aW4vRG93bmxvYWRzLzEyLjc4OTYzNi5mdWxsLmh0bWwAEwABLwAAFQACAA3//wAAAAgADQAaACQAUAAAAAAAAAIBAAAAAAAAAAUAAAAAAAAAAAAAAAAAAAGw}}

@inproceedings{vogiatzis:tp:2016,
	Address = {Washington, D.C.},
	Author = {Konstantinos Vogiatzis and Eswar Josyula and Prakash Vedula},
	Booktitle = {46th AIAA Thermophysics Conference},
	Date-Added = {2020-06-08 15:15:39 -0700},
	Date-Modified = {2020-07-27 17:39:07 -0700},
	Doi = {10.2514/6.2016-4317},
	Month = {June},
	Publisher = {AIAA 2016-4317},
	Title = {Role of High Fidelity Nonequilibrium Modeling in Laminar and Turbulent Flows for High Speed ISR Missions},
	Year = {2016},
	Bdsk-File-1 = {YnBsaXN0MDDSAQIDBFxyZWxhdGl2ZVBhdGhZYWxpYXNEYXRhXxAsLi4vLi4vLi4vLi4vLi4vLi4vRG93bmxvYWRzLzYuMjAxNi00MzE3Lmh0bWxPEQFSAAAAAAFSAAIAAAxNYWNpbnRvc2ggSEQAAAAAAAAAAAAAAAAAAAAAAAAAQkQAAf////8QNi4yMDE2LTQzMTcuaHRtbAAAAAAAAAAAAAAAAAAAAAAAAAAAAAAAAAAAAAAAAAAAAAAAAAAAAAAAAAAAAAAA/////wAAAAAAAAAAAAAAAAAGAAIAAAogY3UAAAAAAAAAAAAAAAAACURvd25sb2FkcwAAAgApLzpVc2VyczpNYXJ0aW46RG93bmxvYWRzOjYuMjAxNi00MzE3Lmh0bWwAAA4AIgAQADYALgAyADAAMQA2AC0ANAAzADEANwAuAGgAdABtAGwADwAaAAwATQBhAGMAaQBuAHQAbwBzAGgAIABIAEQAEgAnVXNlcnMvTWFydGluL0Rvd25sb2Fkcy82LjIwMTYtNDMxNy5odG1sAAATAAEvAAAVAAIADf//AAAACAANABoAJABTAAAAAAAAAgEAAAAAAAAABQAAAAAAAAAAAAAAAAAAAak=}}

@inproceedings{vogiatzis:scitech:2020,
	Address = {Orlando, FL},
	Author = {Konstantinos Vogiatzis and Alessandro Munaf{\`o} and Marco Panesi and Prakash Vedula and Eswar Josyula},
	Booktitle = {AIAA Scitech 2020 Forum},
	Date-Added = {2020-06-08 15:13:23 -0700},
	Date-Modified = {2020-07-27 17:33:32 -0700},
	Doi = {10.2514/6.2020-2192},
	Month = {January},
	Publisher = {AIAA 2020-2192},
	Title = {HyperCode: A framework for high-order accurate turbulent non-equilibrium hypersonic flow simulations},
	Year = {2020},
	Bdsk-File-1 = {YnBsaXN0MDDSAQIDBFxyZWxhdGl2ZVBhdGhZYWxpYXNEYXRhXxAsLi4vLi4vLi4vLi4vLi4vLi4vRG93bmxvYWRzLzYuMjAyMC0yMTkyLmh0bWxPEQFSAAAAAAFSAAIAAAxNYWNpbnRvc2ggSEQAAAAAAAAAAAAAAAAAAAAAAAAAQkQAAf////8QNi4yMDIwLTIxOTIuaHRtbAAAAAAAAAAAAAAAAAAAAAAAAAAAAAAAAAAAAAAAAAAAAAAAAAAAAAAAAAAAAAAA/////wAAAAAAAAAAAAAAAAAGAAIAAAogY3UAAAAAAAAAAAAAAAAACURvd25sb2FkcwAAAgApLzpVc2VyczpNYXJ0aW46RG93bmxvYWRzOjYuMjAyMC0yMTkyLmh0bWwAAA4AIgAQADYALgAyADAAMgAwAC0AMgAxADkAMgAuAGgAdABtAGwADwAaAAwATQBhAGMAaQBuAHQAbwBzAGgAIABIAEQAEgAnVXNlcnMvTWFydGluL0Rvd25sb2Fkcy82LjIwMjAtMjE5Mi5odG1sAAATAAEvAAAVAAIADf//AAAACAANABoAJABTAAAAAAAAAgEAAAAAAAAABQAAAAAAAAAAAAAAAAAAAak=}}

@article{wyckhman:aiaa:2009,
	Author = {Christopher M. Wyckham and Alexander J. Smits},
	Date-Added = {2020-06-08 15:11:43 -0700},
	Date-Modified = {2020-07-27 17:27:55 -0700},
	Doi = {10.2514/1.41453},
	Journal = {AIAA Journal},
	Month = {September},
	Number = {9},
	Pages = {2158-2168},
	Title = {Aero-Optic Distortion in Transonic and Hypersonic Turbulent Boundary Layers},
	Volume = {47},
	Year = {2009},
	Bdsk-File-1 = {YnBsaXN0MDDSAQIDBFxyZWxhdGl2ZVBhdGhZYWxpYXNEYXRhXxAiLi4vLi4vLi4vLi4vRG93bmxvYWRzLzEuNDE0NTMuaHRtbE8RAUIAAAAAAUIAAgAADE1hY2ludG9zaCBIRAAAAAAAAAAAAAAAAAAAAAAAAABCRAAB/////wwxLjQxNDUzLmh0bWwAAAAAAAAAAAAAAAAAAAAAAAAAAAAAAAAAAAAAAAAAAAAAAAAAAAAAAAAAAAAAAAAAAAD/////AAAAAAAAAAAAAAAAAAQAAgAACiBjdQAAAAAAAAAAAAAAAAAJRG93bmxvYWRzAAACACUvOlVzZXJzOk1hcnRpbjpEb3dubG9hZHM6MS40MTQ1My5odG1sAAAOABoADAAxAC4ANAAxADQANQAzAC4AaAB0AG0AbAAPABoADABNAGEAYwBpAG4AdABvAHMAaAAgAEgARAASACNVc2Vycy9NYXJ0aW4vRG93bmxvYWRzLzEuNDE0NTMuaHRtbAAAEwABLwAAFQACAA3//wAAAAgADQAaACQASQAAAAAAAAIBAAAAAAAAAAUAAAAAAAAAAAAAAAAAAAGP}}

@inproceedings{tropina:plc:2018,
	Address = {Atlanta, Georgia},
	Author = {Albina Tropina and Yue Wu and Christopher Limbach and Richard B. Miles},
	Booktitle = {2018 Plasmadynamics and Lasers Conference},
	Date-Added = {2020-06-08 15:07:16 -0700},
	Date-Modified = {2020-07-27 17:29:32 -0700},
	Doi = {10.2514/6.2018-3904},
	Month = {June},
	Publisher = {AIAA 2018-3904},
	Title = {Aero-optical effects in non-equilibrium air},
	Year = {2018},
	Bdsk-File-1 = {YnBsaXN0MDDSAQIDBFxyZWxhdGl2ZVBhdGhZYWxpYXNEYXRhXxAsLi4vLi4vLi4vLi4vLi4vLi4vRG93bmxvYWRzLzYuMjAxOC0zOTA0Lmh0bWxPEQFSAAAAAAFSAAIAAAxNYWNpbnRvc2ggSEQAAAAAAAAAAAAAAAAAAAAAAAAAQkQAAf////8QNi4yMDE4LTM5MDQuaHRtbAAAAAAAAAAAAAAAAAAAAAAAAAAAAAAAAAAAAAAAAAAAAAAAAAAAAAAAAAAAAAAA/////wAAAAAAAAAAAAAAAAAGAAIAAAogY3UAAAAAAAAAAAAAAAAACURvd25sb2FkcwAAAgApLzpVc2VyczpNYXJ0aW46RG93bmxvYWRzOjYuMjAxOC0zOTA0Lmh0bWwAAA4AIgAQADYALgAyADAAMQA4AC0AMwA5ADAANAAuAGgAdABtAGwADwAaAAwATQBhAGMAaQBuAHQAbwBzAGgAIABIAEQAEgAnVXNlcnMvTWFydGluL0Rvd25sb2Fkcy82LjIwMTgtMzkwNC5odG1sAAATAAEvAAAVAAIADf//AAAACAANABoAJABTAAAAAAAAAgEAAAAAAAAABQAAAAAAAAAAAAAAAAAAAak=}}

@article{wang:arofm:2012,
	Author = {Meng Wang, Ali Mani, and Stanislav Gordeyev`},
	Date-Added = {2020-06-08 15:04:13 -0700},
	Date-Modified = {2020-07-27 17:28:35 -0700},
	Doi = {10.1146/annurev-fluid-120710-101152},
	Journal = {Annual Review of Fluid Mechanics},
	Pages = {299-321},
	Title = {Physics and Computation of Aero-Optics},
	Volume = {44},
	Year = {2012},
	Bdsk-Url-1 = {https://doi.org/10.1146/annurev-fluid-120710-101152}}
