@article{physicsAndComputationOfAeroOptics,
author = {Wang, Meng and Mani, Ali and Gordeyev, Stanislav},
year = {2012},
month = {01},
pages = {299-321},
title = {Physics and Computation of Aero-Optics},
volume = {44},
journal = {Annual Review of Fluid Mechanics},
doi = {10.1146/annurev-fluid-120710-101152}
}

@inbook{doi:10.2514/6.2018-3904,
author = {Albina Tropina and Yue Wu and Christopher Limbach and Richard B. Miles},
title = {Aero-optical effects in non-equilibrium air},
booktitle = {2018 Plasmadynamics and Lasers Conference},
chapter = {},
pages = {},
doi = {10.2514/6.2018-3904},
URL = {https://arc.aiaa.org/doi/abs/10.2514/6.2018-3904},
eprint = {https://arc.aiaa.org/doi/pdf/10.2514/6.2018-3904}
}

@article{doi:10.2514/1.41453,
author = {Wyckham, Christopher M. and Smits, Alexander J.},
title = {Aero-Optic Distortion in Transonic and Hypersonic Turbulent Boundary Layers},
journal = {AIAA Journal},
volume = {47},
number = {9},
pages = {2158-2168},
year = {2009},
doi = {10.2514/1.41453},
URL = {https://doi.org/10.2514/1.41453},
eprint = {https://doi.org/10.2514/1.41453}
}

@inbook{doi:10.2514/6.2020-2192,
author = {Konstantinos Vogiatzis and Alessandro Munafò and Marco Panesi and Prakash Vedula and Eswar Josyula},
title = {HyperCode: A framework for high-order accurate turbulent non-equilibrium hypersonic flow simulations},
booktitle = {AIAA Scitech 2020 Forum},
chapter = {},
pages = {},
doi = {10.2514/6.2020-2192},
URL = {https://arc.aiaa.org/doi/abs/10.2514/6.2020-2192},
eprint = {https://arc.aiaa.org/doi/pdf/10.2514/6.2020-2192}
}

@inbook{doi:10.2514/6.2016-4317,
author = {Konstantinos Vogiatzis and Eswar Josyula and Prakash Vedula},
title = {Role of High Fidelity Nonequilibrium Modeling in Laminar and Turbulent Flows for High Speed ISR Missions},
booktitle = {46th AIAA Thermophysics Conference},
chapter = {},
pages = {},
doi = {10.2514/6.2016-4317},
URL = {https://arc.aiaa.org/doi/abs/10.2514/6.2016-4317},
eprint = {https://arc.aiaa.org/doi/pdf/10.2514/6.2016-4317}
}

@inproceedings{10.1117/12.789636,
author = {John S. Pazder and Konstantinos Vogiatzis and George Z. Angeli},
title = {{Dome and mirror seeing estimates for the Thirty Meter Telescope}},
volume = {7017},
booktitle = {Modeling, Systems Engineering, and Project Management for Astronomy III},
editor = {George Z. Angeli and Martin J. Cullum},
organization = {International Society for Optics and Photonics},
publisher = {SPIE},
pages = {229 -- 237},
keywords = {Thirty Meter Telescope, TMT, mirror seeing, dome seeing, thermal seeing},
year = {2008},
doi = {10.1117/12.789636},
URL = {https://doi.org/10.1117/12.789636}
}

@inproceedings{10.1117/12.2057208,
author = {Konstantinos Vogiatzis and Corinne Boyer and Kai Wei and Jinlong Tang and Brent Ellerbroek},
title = {{Aero-thermal simulations of the TMT Laser Guide Star Facility}},
volume = {9148},
booktitle = {Adaptive Optics Systems IV},
editor = {Enrico Marchetti and Laird M. Close and Jean-Pierre Véran},
organization = {International Society for Optics and Photonics},
publisher = {SPIE},
pages = {2024 -- 2033},
keywords = {Computational Solid-Fluid Dynamics, Laser Guide Star Systems, Ground Based Telescopes},
year = {2014},
doi = {10.1117/12.2057208},
URL = {https://doi.org/10.1117/12.2057208}
}

@inbook{doi:10.2514/6.2020-0684,
author = {Anubhav Gupta and Brian Argrow},
title = {Analytical Approach for Aero-Optical and Atmospheric Effects in Supersonic Flow Fields},
booktitle = {AIAA Scitech 2020 Forum},
chapter = {},
pages = {},
doi = {10.2514/6.2020-0684},
URL = {https://arc.aiaa.org/doi/abs/10.2514/6.2020-0684},
eprint = {https://arc.aiaa.org/doi/pdf/10.2514/6.2020-0684}
}

